% This file was created with JabRef 2.7.
% Encoding: Cp1252

@STRING{aam = {Adv. in Appl. Math.}}

@STRING{acha = {Appl. Comput. Harmon. Anal.}}

@STRING{aihp = {Ann. Inst. Henri Poincar{\'{e}}}}

@STRING{amm = {The American Mathematical Monthly}}

@STRING{assp = {IEEE Trans. ASSP}}

@STRING{aw = {Addison Wesley}}

@STRING{cmp = {Comm. Math. Phys.}}

@STRING{cpam = {Comm. Pure Appl. Math.}}

@STRING{crm = {C. R. Acad. Sci. Paris Sér. I Math.}}

@STRING{cup = {Cambridge University Press}}

@STRING{ieeea = {IEEE Trans. Audio and Electroacoustics}}

@STRING{ieeec = {IEEE Trans. Circuit Theory}}

@STRING{ieeecs2 = {IEEE Trans. on Circuits and Systems Part II}}

@STRING{ieeee = {IEEE Trans. on Education}}

@STRING{ieeeit = {IEEE Trans. Inform. Theory}}

@STRING{ieeemi = {IEEE Trans. Med. Imaging}}

@STRING{ieeepami = {IEEE Trans. Pattern Anal. Machine Intell.}}

@STRING{ieeesp = {IEEE Trans. Signal Processing}}

@STRING{ieeespm = {IEEE Signal Processing Magazine}}

@STRING{ieeetac = {IEEE Trans. Automat. Control}}

@STRING{iproc = {Proc. IEEE}}

@STRING{jams = {Journal of the American Mathematical Society}}

@STRING{jcp = {J. Comput. Phys.}}

@STRING{jfaa = {J. Fourier Anal. Appl.}}

@STRING{nj = {New Jersey}}

@STRING{ny = {New York}}

@STRING{prb = {Phys. Rev. B}}

@STRING{prl = {Phys. Rev. Lett.}}

@STRING{rmp = {Rev. Mod. Phys.}}

@STRING{siamssc = {SIAM J. Sci. Statist. Comput.}}

@STRING{sijam = {SIAM J. Appl. Math.}}

@STRING{sinum = {SIAM J. Num. Anal.}}

@STRING{sma = {SIAM J. Math. Anal.}}

@STRING{sv = {Springer-Verlag}}

@BOOK{FRANK:1992,
  title = {Electron Tomography},
  publisher = {Plenum},
  year = {1992},
  author = {J. Frank (Ed.)}
}

@ARTICLE{ABELE:1967,
  author = {T. A. Abele},
  title = {Transmission line filters approximating a constrained delay in a
	maximally flat sense},
  journal = ieeec,
  year = {1967},
  volume = {14},
  pages = {298-306}
}

@BOOK{ABR-STE:1964,
  title = {Handbook of Mathematical Functions},
  publisher = {National Bureau of Standards},
  year = {1964},
  author = {Milton Abramowitz and Irene A. Stegun},
  volume = {55},
  series = {Applied Math Series}
}

@ARTICLE{AD-AR-KR:1971,
  author = {Adamjan, V. M. and Arov, D. Z. and Kre{\u\i}n, M. G.},
  title = {Analytic properties of the {S}chmidt pairs of a {H}ankel operator
	and the generalized {S}chur-{T}akagi problem},
  journal = {Mat. Sb. (N.S.)},
  year = {1971},
  volume = {86(128)},
  pages = {34--75},
  mrclass = {47A65},
  mrnumber = {45 \#7505},
  mrreviewer = {N. K. Nikolskii}
}

@ARTICLE{AD-AR-KR:1968,
  author = {Adamjan, V. M. and Arov, D. Z. and Kre{\u\i}n, M. G.},
  title = {Infinite {H}ankel matrices and generalized {C}arath\'eodory-{F}ej\'er
	and {I}. {S}chur problems},
  journal = {Funkcional. Anal. i Prilo\v zen.},
  year = {1968},
  volume = {2},
  pages = {1--17},
  number = {4},
  mrclass = {47B35},
  mrnumber = {58 \#30446}
}

@ARTICLE{AD-AR-KR:1968a,
  author = {Adamjan, V. M. and Arov, D. Z. and Kre{\u\i}n, M. G.},
  title = {Infinite {H}ankel matrices and generalized problems of {C}arath\'eodory-{F}ej\'er
	and {F}. {R}iesz},
  journal = {Funkcional. Anal. i Prilo\v zen.},
  year = {1968},
  volume = {2},
  pages = {1--19},
  number = {1},
  mrclass = {46.30 (30.00)},
  mrnumber = {38 \#2591},
  mrreviewer = {V. P. Havin}
}

@ARTICLE{AL-HA-BO:1973,
  author = {Allison, D. J. and Handy, N. C. and Boys, S. F.},
  title = {New Basis Set for Molecular Wavefunctions},
  journal = {Molecular Physics},
  year = {1973},
  volume = {26},
  pages = {715-723},
  number = {3}
}

@ARTICLE{ALPERT:1993,
  author = {B. Alpert},
  title = {A Class of Bases in ${L}^2$ for the Sparse Representation of Integral
	Operators},
  journal = {SIAM J. Math. Anal},
  year = {1993},
  volume = {24},
  pages = {246-262},
  number = {1}
}

@PHDTHESIS{Alpert:1990,
  author = {B. Alpert},
  title = {Sparse Representation of Smooth Linear Operators},
  school = {Yale University},
  year = {1990}
}

@ARTICLE{A-B-C-R:1993,
  author = {B. Alpert and G. Beylkin and R.R. Coifman and V. Rokhlin},
  title = {Wavelet-like bases for the fast solution of second-kind integral
	equations},
  journal = siamssc,
  year = {1993},
  volume = {14},
  pages = {159-174},
  number = {1},
  note = {Technical report, Department of Computer Science, Yale Univ., New
	Haven, CT, 1990.}
}

@ARTICLE{A-B-G-V:2002,
  author = {Alpert, B. and Beylkin, G. and Gines, D. and Vozovoi, L.},
  title = {Adaptive solution of partial differential equations in multiwavelet
	bases},
  journal = {J. Comput. Phys.},
  year = {2002},
  volume = {182},
  pages = {149--190},
  number = {1},
  coden = {JCTPAH},
  fjournal = {Journal of Computational Physics},
  issn = {0021-9991},
  mrclass = {65M50 (65M60 65T60)},
  mrnumber = {1 936 805}
}

@ARTICLE{AL-GR-HA:2002,
  author = {B. Alpert and L. Greengard and T. Hagstrom},
  title = {Nonreflecting boundary conditions for the time-dependent wave equation},
  note = {To appear in Journal of computational physics}
}

@ARTICLE{AL-GR-HA:2000,
  author = {B. Alpert and L. Greengard and T. Hagstrom},
  title = {An integral evolution formula for the wave equation},
  journal = jcp,
  year = {2000},
  volume = {162},
  pages = {536-543}
}

@ARTICLE{AL-HA-IN:1997,
  author = {Altmann, J. A. and Handy, N. C. and Ingamells, V. E.},
  title = {A study of sulphur-containing molecules using Hartree-Fock, MP2 and
	DFT (hybrid) methodologies},
  journal = {Molecular Physics},
  year = {1997},
  volume = {92},
  pages = {339-352},
  number = {3}
}

@ARTICLE{A-A-H-K:1991,
  author = {Amos, R. D. and Andrews, J. S. and Handy, N. C. and Knowles, P. J.},
  title = {Open-Shell Moller-Plesset Perturbation-Theory},
  journal = {Chemical Physics Letters},
  year = {1991},
  volume = {185},
  pages = {256-264},
  number = {3-4}
}

@ARTICLE{A-E-L-R:1999,
  author = {Anderson and Engquist and Ledfelt and Runborg},
  title = {A contribution to Wavelet-Based Subgrid Modeling},
  journal = acha,
  year = {1999},
  volume = {7},
  pages = {151--164},
  number = {2}
}

@ARTICLE{A-J-B-H-A:1991,
  author = {Andrews, J. S. and Jayatilaka, D. and Bone, R. G. A. and Handy, N.
	C. and Amos, R. D.},
  title = {Spin Contamination in Single-Determinant Wave-Functions},
  journal = {Chemical Physics Letters},
  year = {1991},
  volume = {183},
  pages = {423-431},
  number = {5}
}

@BOOK{APOSTO:1962,
  title = {Calculus. {V}ol. {I}{I}: {M}ulti-variable calculus and linear algebra,
	with applications to differential equations and probability},
  publisher = {Blaisdell Publishing Co. Ginn and Co., Waltham, Mass.-Toronto, Ont.-London},
  year = {1962},
  author = {Apostol, Tom M.}
}

@ARTICLE{ARIAS:1999,
  author = {Arias, T.A.},
  title = {Multiresolution analysis of electronic structure: {S}emicardinal
	and wavelet bases},
  journal = {Reviews of Modern Physics},
  year = {1999},
  volume = {71},
  pages = {267 -- 311},
  number = {1},
  month = {JAN},
  isifile-ga = {164PF},
  isifile-j9 = {REV MOD PHYS},
  isifile-ji = {Rev. Mod. Phys.},
  size = {45 p.},
  sourceid = {ISI:000078472200005}
}

@BOOK{AUB-KOR:2002,
  title = {Mathematical problems in image processing},
  publisher = {Springer Verlag},
  year = {2002},
  author = {G. Aubert and P. Kornprost}
}

@ARTICLE{AUSCHE:1992,
  author = {P. Auscher},
  title = {Il n'existe pas de base d'ondelettes r\'eguli\`eres dans l'espace
	de {H}ardy ${H}^2 ({I}\kern-.3em{R} )$},
  journal = {C.R.Acad.Sci. Paris},
  year = {1992},
  volume = {315},
  pages = {769-772},
  number = {1}
}

@ARTICLE{AUS-TSA:1992,
  author = {L. Auslander and A. Tsao},
  title = {On parallelizable eigensolvers},
  journal = aam,
  year = {1992},
  volume = {13},
  pages = {253--261}
}

@ARTICLE{BAE-HEA:1997,
  author = {R. Baer and M. Head-Gordon},
  title = {Sparsity of the density matrix in {K}ohn-{S}ham density functional
	theory and an assessment of linear system-size scaling methods},
  journal = prl,
  year = {1997}
}

@ARTICLE{fractionalFFT,
  author = {David H. Bailey and Paul N. Swarztrauber},
  title = {The fractional {F}ourier transform and applications},
  journal = {SIAM Review},
  year = {1991},
  volume = {33},
  pages = {389--404}
}

@ARTICLE{BA-DA-SC:1998,
  author = {Kevin R. Bates and Andrew D. Daniels and Gustavo E. Scuseria},
  title = {Comparison of conjugate gradient density matrix search and {C}hebychev
	expansion methods for avoiding diagonalization in large-scale electronic
	structure calculations},
  journal = {J. Chem. Phys.},
  year = {1998},
  volume = {109},
  pages = {3308-3312},
  number = {9},
  month = {September}
}

@ARTICLE{BATTLE:1987,
  author = {G. Battle},
  title = {A Block spin construction of ondelettes. {P}art I: Lemari\'e functions},
  journal = cmp,
  year = {1987},
  volume = {110},
  pages = {601--615}
}

@ARTICLE{BAZ-BUR:1978,
  author = {J. Bazer and R. Burridge},
  title = {Energy partition in the reflection and refraction of plane waves},
  journal = sijam,
  year = {1978},
  volume = {34},
  pages = {78--92}
}

@ARTICLE{BECK:2000,
  author = {Beck, T.L.},
  title = {Real-space mesh techniques in density-functional theory},
  journal = {Reviews of Modern Physics},
  year = {2000},
  volume = {72},
  pages = {1041 -- 1080},
  number = {4},
  month = {OCT},
  isifile-ga = {377CQ},
  isifile-j9 = {REV MOD PHYS},
  isifile-ji = {Rev. Mod. Phys.},
  size = {40 p.},
  sourceid = {ISI:000165494700004}
}

@ARTICLE{BECK:1999,
  author = {Beck, T.L.},
  title = {Multigrid high-order mesh refinement techniques for composite grid
	electrostatics calculations},
  journal = {Journal of Computational Chemistry},
  year = {1999},
  volume = {20},
  pages = {1731 -- 1739},
  number = {16},
  month = {DEC},
  isifile-ga = {258TW},
  isifile-j9 = {J COMPUT CHEM},
  isifile-ji = {J. Comput. Chem.},
  size = {9 p.},
  sourceid = {ISI:000083856100005}
}

@ARTICLE{BECK:1997,
  author = {Beck, T.L.},
  title = {Real-space multigrid solution of electrostatics problems and the
	{K}ohn-{S}ham equations},
  journal = {International Journal of Quantum Chemistry},
  year = {1997},
  volume = {65},
  pages = {477 -- 486},
  number = {5},
  month = {DEC 5},
  isifile-ga = {YG650},
  isifile-j9 = {INT J QUANTUM CHEM},
  isifile-ji = {Int. J. Quantum Chem.},
  size = {10 p.},
  sourceid = {ISI:A1997YG65000012}
}

@ARTICLE{BE-IY-ME:1997,
  author = {Beck, T.L. and Iyer, K.A. and Merrick, M.P.},
  title = {Multigrid methods in density functional theory},
  journal = {International Journal of Quantum Chemistry},
  year = {1997},
  volume = {61},
  pages = {341 -- 348},
  number = {2},
  month = {JAN 15},
  isifile-ga = {VY651},
  isifile-j9 = {INT J QUANTUM CHEM},
  isifile-ji = {Int. J. Quantum Chem.},
  size = {8 p.},
  sourceid = {ISI:A1997VY65100018}
}

@ARTICLE{BEC-DIC:1990,
  author = {Becke, A. D. and Dickson, R. M.},
  title = {Numerical-Solution of Schrodinger-Equation in Polyatomic- Molecules},
  journal = {Journal of Chemical Physics},
  year = {1990},
  volume = {92},
  pages = {3610-3612},
  number = {6}
}

@ARTICLE{BEC-DIC:1988,
  author = {Becke, A. D. and Dickson, R. M.},
  title = {Numerical-Solution of Poissons-Equation in Polyatomic-Molecules},
  journal = {Journal of Chemical Physics},
  year = {1988},
  volume = {89},
  pages = {2993-2997},
  number = {5}
}

@BOOK{BELLMAN:1961,
  title = {Adaptive Control Processes: a Guided Tour},
  publisher = {Princeton Univ. Press},
  year = {1961},
  author = {Richard Bellman},
  address = {Princeton, New Jersey}
}

@BOOK{BEN-ORS:1978,
  title = {Advanced mathematical methods for scientists and engineers},
  publisher = {McGraw--Hill},
  year = {1978},
  author = {Carl M. Bender and Steven A. Orszag},
  series = {International series in pure and applied Mathematics},
  address = {New York}
}

@ARTICLE{BER-BOY:1973,
  author = {Bernardi, F. and Boys, S. F.},
  title = {Explicit Formula Solutions of Contraction Conditions for Transcorrelated
	Wavefunctions},
  journal = {Molecular Physics},
  year = {1973},
  volume = {25},
  pages = {35-44},
  number = {1}
}

@ARTICLE{B-B-S-B-N-R:1997,
  author = {Bernholc, J. and Briggs, E.L. and Sullivan, D.J. and Brabec, C.J.
	and Nardelli, M.B. and Rapcewicz, K. and Roland, C. and Wensell,
	M.},
  title = {Real-space multigrid methods for large-scale electronic structure
	problems},
  journal = {International Journal of Quantum Chemistry},
  year = {1997},
  volume = {65},
  pages = {531 -- 543},
  number = {5},
  month = {DEC 5},
  isifile-ga = {YG650},
  isifile-j9 = {INT J QUANTUM CHEM},
  isifile-ji = {Int. J. Quantum Chem.},
  size = {13 p.},
  sourceid = {ISI:A1997YG65000018}
}

@INPROCEEDINGS{BEYLKI:2001,
  author = {Beylkin, G.},
  title = {Approximations and fast algorithms},
  booktitle = {Proc. SPIE: Wavelets: Applications in Signal and Image Processing
	IX},
  year = {2001},
  editor = {A.Laine and M.Unser and A.Aldroubi},
  volume = {4478},
  pages = {1--9}
}

@INPROCEEDINGS{BEYLKI:1994,
  author = {G. Beylkin},
  title = {On wavelet-based algorithms for solving differential equations},
  booktitle = {Wavelets: {M}athematics and {A}pplications},
  year = {1994},
  editor = {John J. Benedetto and Michael W. Frazier},
  pages = {449-466},
  publisher = {CRC Press}
}

@INPROCEEDINGS{BEYLKI:1994a,
  author = {G. Beylkin},
  title = {Fast and accurate computation of the Fourier transform of an image},
  booktitle = {Proc. SPIE: Automatic Systems for the identification and Inspection
	of Humans},
  year = {1994},
  editor = {R.J.Mammone and J.D. Murley},
  volume = {2277},
  pages = {244--252},
  publisher = {SPIE}
}

@ARTICLE{BEYLKI:1998,
  author = {Beylkin, G.},
  title = {On multiresolution methods in numerical analysis},
  journal = {Doc. Math.},
  year = {1998},
  volume = {Extra Vol. III},
  pages = {481--490},
  booktitle = {Proceedings of the International Congress of Mathematicians, Vol.
	III (Berlin, 1998)},
  fjournal = {Documenta Mathematica},
  issn = {1431-0643},
  mrclass = {65N55 (65F99 76M25)},
  mrnumber = {99j:65225},
  mrreviewer = {Mark Ainsworth}
}

@ARTICLE{BEYLKI:1995,
  author = {G. Beylkin},
  title = {On factored {FIR} approximation of {IIR} filters},
  journal = acha,
  year = {1995},
  volume = {2},
  pages = {293-298}
}

@ARTICLE{BEYLKI:1995a,
  author = {Beylkin, G.},
  title = {On the fast {F}ourier transform of functions with singularities},
  journal = {Appl. Comput. Harmon. Anal.},
  year = {1995},
  volume = {2},
  pages = {363--381},
  number = {4},
  fjournal = {Applied and Computational Harmonic Analysis. Time-Frequency and Time-Scale
	Analysis, Wavelets, Numerical Algorithms, and Applications},
  issn = {1063-5203},
  mrclass = {65T20 (46F99)},
  mrnumber = {96i:65122},
  mrreviewer = {Dale H. Mugler}
}

@ARTICLE{beylkin-neq-fft,
  author = {Beylkin, G.},
  title = {On the fast {F}ourier transform of functions with singularities},
  journal = {Appl. Comput. Harmon. Anal.},
  year = {1995},
  volume = {2},
  pages = {363--381},
  number = {4},
  fjournal = {Applied and Computational Harmonic Analysis. Time-Frequency and Time-Scale
	Analysis, Wavelets, Numerical Algorithms, and Applications},
  issn = {1063-5203},
  mrclass = {65T20 (46F99)},
  mrnumber = {96i:65122},
  mrreviewer = {Dale H. Mugler},
  owner = {junjia},
  timestamp = {2009.01.08}
}

@INCOLLECTION{BEYLKI:1993,
  author = {Beylkin, G.},
  title = {Wavelets and fast numerical algorithms},
  booktitle = {Different perspectives on wavelets (San Antonio, TX, 1993)},
  publisher = {Amer. Math. Soc.},
  year = {1993},
  volume = {47},
  series = {Proc. Sympos. Appl. Math.},
  pages = {89--117},
  address = {Providence, RI},
  mrclass = {65T20 (42C15)},
  mrnumber = {95a:65220}
}

@ARTICLE{BEYLKI:1992,
  author = {G. Beylkin},
  title = {On the representation of operators in bases of compactly supported
	wavelets},
  journal = {SIAM J. Numer. Anal.},
  year = {1992},
  volume = {29},
  pages = {1716-1740},
  number = {6}
}

@ARTICLE{BEYLKI:1985,
  author = {Beylkin, G.},
  title = {Imaging of discontinuities in the inverse scattering problem by inversion
	of a causal generalized {R}adon transform},
  journal = {J. Math. Phys.},
  year = {1985},
  volume = {26},
  pages = {99--108},
  number = {1},
  fjournal = {Journal of Mathematical Physics}
}

@ARTICLE{BEYLKI:1984,
  author = {Beylkin, Gregory},
  title = {The inversion problem and applications of the generalized {R}adon
	transform},
  journal = {Comm. Pure Appl. Math.},
  year = {1984},
  volume = {37},
  pages = {579--599},
  number = {5},
  fjournal = {Communications on Pure and Applied Mathematics}
}

@ARTICLE{BE-BR-GI:1998,
  author = {G. Beylkin and M. Brewster and A. Gilbert},
  title = {A multiresolution method for numerical reduction and homogenization
	of nonlinear {ODE}s},
  journal = acha,
  year = {1998},
  volume = {5},
  pages = {450--486},
  note = {Univ. of Colorado, APPM preprint \#334, June 1997}
}

@ARTICLE{BE-CO-RO:1991,
  author = {G. Beylkin and R. Coifman and V. Rokhlin},
  title = {Fast Wavelet Transforms and Numerical Algorithms I},
  journal = cpam,
  year = {1991},
  volume = {44},
  pages = {141-183},
  note = {Yale Univ. Technical Report YALEU/DCS/RR-696, August 1989}
}

@ARTICLE{BCR,
  author = {G. Beylkin and R. R. Coifman and V. Rokhlin},
  title = {Fast wavelet transforms and numerical algorithms {I}.},
  journal = {Comm. Pure and Appl. Math.},
  year = {1991},
  volume = {44},
  pages = {141-183},
  comment = {From Lucas: Correct key for technical report is BE-CO-RO:1989P, I
	keep BCR because it shows everywhere in old papers.}
}

@ARTICLE{BEY-COU:1998,
  author = {G. Beylkin and N. Coult},
  title = {A Multiresolution Strategy for Homogenization of Elliptic {PDE}'s
	and Associated Eigenvalue Problems},
  journal = {Appl. Comput. Harmon. Anal.},
  year = {1998},
  volume = {5},
  pages = {129-155},
  keywords = {wavelets, homogenization}
}

@ARTICLE{BE-CO-MO:1999,
  author = {Gregory Beylkin and Nicholas Coult and Martin J. Mohlenkamp},
  title = {Fast Spectral Projection Algorithms for Density-Matrix Computations},
  journal = jcp,
  year = {1999},
  volume = {152},
  pages = {32-54},
  number = {1},
  month = {June},
  note = {Univ. of Colorado, APPM preprint \#392, August 1998. \texttt{ftp://amath.colorado.edu/pub/wavelets/papers/spectr-proj.ps.Z}},
  isifile-ga = {206FU},
  isifile-j9 = {J COMPUT PHYS},
  isifile-ji = {J. Comput. Phys.},
  sourceid = {ISI:000080867300002}
}

@ARTICLE{BEY-CRA:2002,
  author = {Beylkin, G. and Cramer, R.},
  title = {A multiresolution approach to regularization of singular operators
	and fast summation},
  journal = {SIAM J. Sci. Comput.},
  year = {2002},
  volume = {24},
  pages = {81--117 (electronic)},
  number = {1},
  note = {Univ. of Colorado, APPM preprint \#442, Sept. 2000; },
  fjournal = {SIAM Journal on Scientific Computing},
  issn = {1095-7197},
  mrclass = {65R30 (70F10)},
  mrnumber = {1 924 416}
}

@ARTICLE{BEY-CRA:2002a,
  author = {G. Beylkin and R. Cramer},
  title = {Toward Multiresolution Estimation and Efficient Representation of
	Gravitational Fields},
  journal = {Celestial Mechanics and Dynamical Astronomy},
  year = {2002},
  volume = {84},
  pages = {87-104},
  number = {1},
  note = {Univ. of Colorado, APPM preprint \#458, May 2001.}
}

@ARTICLE{B-F-H-C,
  author = {Beylkin, G. and Fann, G.I. and Harrison, R.J. and Cramer, R.},
  journal = {in preparation},
  year = {2004}
}

@INPROCEEDINGS{B-G-L-R:1995,
  author = {G. Beylkin and J.D. Gorman and S. Li-Fliss and M.A. Ricoy},
  title = {{SAR} imaging and multiresolution analysis},
  booktitle = {Proc. SPIE: Algorithms for Synthetic Aperture Radar Imagery II},
  year = {1995},
  editor = {Dominick A. Giglio},
  volume = {2487},
  pages = {144--152},
  publisher = {SPIE}
}

@ARTICLE{BEY-KEI:1997,
  author = {G. Beylkin and J. M. Keiser},
  title = {On the Adaptive Numerical Solution of Nonlinear Partial Differential
	Equations in Wavelet Bases},
  journal = jcp,
  year = {1997},
  volume = {132},
  pages = {233--259},
  note = {Univ. of Colorado, APPM preprint \#262, 1995}
}

@ARTICLE{BE-KE-VO:1998,
  author = {G. Beylkin and J.~M. Keiser and L. Vozovoi},
  title = {A New Class of Stable Time Discretization Schemes for the Solution
	of Nonlinear {PDE}s},
  journal = jcp,
  year = {1998},
  volume = {147},
  pages = {362-387},
  note = {\texttt{ftp://amath.colorado.edu/pub/wavelets/papers/timediscr.ps.Z}}
}

@ARTICLE{beylkin-helmholtz,
  author = {Beylkin, Gregory and Kurcz, Christopher and Monzón, Lucas},
  title = {Fast algorithms for {Helmholtz Green's} functions},
  journal = {Proceedings of the Royal Society A: Mathematical, Physical and Engineering
	Sciences},
  year = {2008},
  volume = {464},
  pages = {3301--3326},
  number = {2100},
  month = dec,
  abstract = {The formal representation of the quasi-periodic Helmholtz Green's
	function obtained by the method of images is only conditionally convergent
	and, thus, requires an appropriate summation convention for its evaluation.
	Instead of using this formal sum, we derive a candidate Green's function
	as a sum of two rapidly convergent series, one to be applied in the
	spatial domain and the other in the Fourier domain (as in Ewald's
	method). We prove that this representation of Green's function satisfies
	the Helmholtz equation with the quasi-periodic condition and, furthermore,
	leads to a fast algorithm for its application as an operator.We approximate
	the spatial series by a short sum of separable functions given by
	Gaussians in each variable. For the series in the Fourier domain,
	we exploit the exponential decay of its terms to truncate it. We
	use fast and accurate algorithms for convolving functions with this
	approximation of the quasi-periodic Green's function. The resulting
	method yields a fast solver for the Helmholtz equation with the quasi-periodic
	boundary condition. The algorithm is adaptive in the spatial domain
	and its performance does not significantly deteriorate when Green's
	function is applied to discontinuous functions or potentials with
	singularities. We also construct Helmholtz Green's functions with
	Dirichlet, Neumann or mixed boundary conditions on simple domains
	and use a modification of the fast algorithm for the quasi-periodic
	Green's function to apply them.The complexity, in dimension dâ¥2,
	of these algorithms is O(ÎºdlogÎº+C(logÏµâ1)d), where Ïµ is the
	desired accuracy, Îº is proportional to the number of wavelengths
	contained in the computational domain and C is a constant. We illustrate
	our approach with examples.},
  owner = {junjia},
  timestamp = {2009.01.07},
  url = {http://dx.doi.org/10.1098/rspa.2008.0161}
}

@ARTICLE{BE-MA-SA:2002,
  author = {G. Beylkin and D. Mastronarde and K. Sandberg},
  title = {A Fast Reconstruction Algorithm for Transmission Electron Microscopy},
  note = {In preparation}
}

@ARTICLE{BEY-MOH:2001,
  author = {G. Beylkin and M.~J. Mohlenkamp},
  title = {Numerical operator calculus in higher dimensions},
  note = {Univ. of Colorado, APPM preprint \#476, August 2001; \texttt{http://www.pnas.org/cgi/content/abstract/112329799v1}}
}

@ARTICLE{BEY-MOH:2003,
  author = {G. Beylkin and M.~J. Mohlenkamp},
  title = {Numerical analysis for the multiparticle Schr\"{o}dinger equation},
  journal = {In preparation}
}

@ARTICLE{BEY-MOH:2002,
  author = {G. Beylkin and M.~J. Mohlenkamp},
  title = {Numerical operator calculus in higher dimensions},
  journal = {Proc. Natl. Acad. Sci. USA},
  year = {2002},
  volume = {99},
  pages = {10246--10251},
  number = {16},
  month = {August},
  note = {Univ. of Colorado, APPM preprint \#476, August 2001; \texttt{http://www.pnas.org/cgi/content/abstract/112329799v1}},
  fjournal = {Proceedings of the National Academy of Sciences of the United States
	of America}
}

@ARTICLE{BEY-MON:2003,
  author = {G. Beylkin and L. Monz\'{o}n},
  year = {2003},
  note = {in progress}
}

@ARTICLE{BEY-MON:2002,
  author = {G. Beylkin and L. Monz\'{o}n},
  title = {On Generalized {G}aussian Quadratures for Exponentials and their
	Applications},
  journal = {Appl. Comput. Harmon. Anal.},
  year = {2002},
  volume = {12},
  pages = {332-373},
  number = {3},
  fjournal = {Applied and Computational Harmonic Analysis. Time-Frequency and Time-Scale
	Analysis, Wavelets, Numerical Algorithms, and Applications}
}

@INPROCEEDINGS{BEY-SAI:1992,
  author = {G. Beylkin and N.Saito},
  title = {Wavelets, their autocorrelation functions, and multiresolution representation
	of signals},
  booktitle = {Proc. SPIE: Intelligent Robots and Computer Vision XI: Biological,
	Neural Net, and 3D Methods},
  year = {1992},
  editor = {D.P.Casasent},
  volume = {1826},
  pages = {39--50},
  publisher = {SPIE}
}

@ARTICLE{BHATNA:1999,
  author = {Bhatnagar, Gaurav},
  title = {A short proof of an identity of {S}ylvester},
  journal = {Int. J. Math. Math. Sci.},
  year = {1999},
  volume = {22},
  pages = {431--435},
  number = {2},
  fjournal = {International Journal of Mathematics and Mathematical Sciences},
  issn = {0161-1712},
  mrclass = {05E05 (33D70)},
  mrnumber = {2000g:05146}
}

@INPROCEEDINGS{B-S-T-T:1994,
  author = {C. Bischof and X. Sun and A. Tsao and T. Turnbull},
  title = {A study of the invariant subspace decomposition algorithm for banded
	symmetric matrices},
  booktitle = {Proceedings of the Fifth SIAM Conference on Applied Linear Algebra},
  year = {1994}
}

@ARTICLE{BITTNE:1999,
  author = {Kai Bittner},
  title = {Fast Algorithms for Periodic Spline Wavelots on Sparse Grids},
  journal = {SIAM J. Sci. Comput.},
  year = {1999},
  volume = {20},
  pages = {1192--1213},
  number = {4}
}

@ARTICLE{flapw,
  author = {P. Blaha and K. Schwarz and P. Sorantin and S. B. Trickey},
  title = {Full-potential, linearized augmented plane wave programs for crystalline
	systems},
  journal = {Computer Physics Communications},
  year = {1990},
  volume = {59},
  pages = {399 - 415},
  number = {2},
  doi = {DOI: 10.1016/0010-4655(90)90187-6},
  issn = {0010-4655},
  url = {http://www.sciencedirect.com/science/article/B6TJ5-46JYMC2-1D/2/be8ab1d9f6209da48cdc5d37f5e3289c}
}

@BOOK{BOR-ERD:1995,
  title = {Polynomials and Polynomial Inequalities},
  publisher = sv,
  year = {1995},
  author = {P. Borwein and T. Erd\'{e}lyi},
  volume = {161},
  series = {Graduate Texts in Mathematics},
  address = {NY}
}

@ARTICLE{BOUWKA:1947,
  author = {C. Bouwkamp},
  title = {On spheroidal wave functions of order zero},
  journal = {J. Math. Phys.},
  year = {1947},
  volume = {26},
  pages = {79-92}
}

@BOOK{BOYD:2000,
  title = {Chebyshev and {Fourier} spectral methods},
  publisher = {Dover},
  year = {2000},
  author = {John P. Boyd},
  pages = {688},
  edition = {2d}
}

@ARTICLE{BOYS:1950,
  author = {Boys, S.F.},
  title = {?},
  journal = {Proc. Roy. Soc.},
  year = {1950},
  volume = {A200},
  pages = {542}
}

@ARTICLE{BOYS:1969,
  author = {Boys, S. F.},
  title = {Some Bilinear Convergence Characteristics of Solutions of Dissymmetric
	Secular Equations},
  journal = {Proceedings of the Royal Society of London Series a- Mathematical
	and Physical Sciences},
  year = {1969},
  volume = {309},
  pages = {195},
  number = {1497}
}

@ARTICLE{BOYS:1965,
  author = {Boys, S. F.},
  title = {Electronic Structure of Molecules},
  journal = {Science Progress},
  year = {1965},
  volume = {53},
  pages = {641},
  number = {212}
}

@ARTICLE{BOY-BER:2002,
  author = {Boys, S. F. and Bernardi, F.},
  title = {The calculation of small molecular interactions by the differences
	of separate total energies. Some procedures with reduced errors (Reprinted
	from Molecular Physics, vol 19, pg 553-566, 1970)},
  journal = {Molecular Physics},
  year = {2002},
  volume = {100},
  pages = {65-73},
  number = {1}
}

@ARTICLE{BOY-BER:1970,
  author = {Boys, S. F. and Bernardi, F.},
  title = {Calculation of Small Molecular Interactions by Differences of Separate
	Total Energies - Some Procedures with Reduced Errors},
  journal = {Molecular Physics},
  year = {1970},
  volume = {19},
  pages = {553},
  number = {4}
}

@ARTICLE{BOY-HAN:1969,
  author = {Boys, S. F. and Handy, N. C.},
  title = {A First Solution, for Lih, of a Molecular Transcorrelated Wave Equation
	by Means of Restricted Numerical Integration},
  journal = {Proceedings of the Royal Society of London Series a- Mathematical
	and Physical Sciences},
  year = {1969},
  volume = {311},
  pages = {309},
  number = {1505}
}

@ARTICLE{BOY-HAN:1969a,
  author = {Boys, S. F. and Handy, N. C.},
  title = {Determination of Energies and Wavefunctions with Full Electronic
	Correlation},
  journal = {Proceedings of the Royal Society of London Series a- Mathematical
	and Physical Sciences},
  year = {1969},
  volume = {310},
  pages = {43},
  number = {1500}
}

@ARTICLE{BOY-HAN:1969b,
  author = {Boys, S. F. and Handy, N. C.},
  title = {A Calculation for Energies and Wavefunctions for States of Neon with
	Full Electronic Correlation Accuracy},
  journal = {Proceedings of the Royal Society of London Series a- Mathematical
	and Physical Sciences},
  year = {1969},
  volume = {310},
  pages = {63},
  number = {1500}
}

@ARTICLE{BOY-HAN:1969c,
  author = {Boys, S. F. and Handy, N. C.},
  title = {A Condition to Remove Indeterminacy in Interelectronic Correlation
	Functions},
  journal = {Proceedings of the Royal Society of London Series a- Mathematical
	and Physical Sciences},
  year = {1969},
  volume = {309},
  pages = {209},
  number = {1497}
}

@ARTICLE{BOY-STA:1974,
  author = {Boys, S. F. and Stanton, L.},
  title = {Numerical Evaluation of Many-Dimensional Integrals in Solutions of
	Molecular Schrodinger Equation},
  journal = {Molecular Physics},
  year = {1974},
  volume = {28},
  pages = {225-241},
  number = {1}
}

@ARTICLE{BRACEW:1956,
  author = {Bracewell, R.N.},
  title = {Strip integration in astronomy},
  journal = {Aust. J. Phys.},
  year = {1956},
  volume = {9},
  pages = {198-217}
}

@BOOK{BRE-GOD:1990,
  title = {Acoustics of layered media I},
  publisher = {Springer Verlag},
  year = {1990},
  author = {L. M. Brekhovskikh and O.A. Godin}
}

@ARTICLE{BR-FA-YA:1997,
  author = {Brewster, M.E. and Fann, G.I. and Yang, Z.Y.},
  title = {Wavelets for electronic structure calculations},
  journal = {Journal of Mathematical Chemistry},
  year = {1997},
  volume = {22},
  pages = {117 -- 142},
  number = {2-4},
  isifile-ga = {ZC259},
  isifile-j9 = {J MATH CHEM},
  isifile-ji = {J. Math. Chem.},
  size = {26 p.},
  sourceid = {ISI:000072558900002}
}

@ARTICLE{BRE-BEY:1995,
  author = {M. E. Brewster and G. Beylkin},
  title = {A {M}ultiresolution {S}trategy for {N}umerical {H}omogenization},
  journal = acha,
  year = {1995},
  volume = {2},
  pages = {327--349},
  note = {Univ. of Colorado, APPM preprint \#187, 1994}
}

@ARTICLE{BR-SU-BE:1996,
  author = {Briggs, E.L. and Sullivan, D.J. and Bernholc, J.},
  title = {Real-space multigrid-based approach to large-scale electronic structure
	calculations},
  journal = {Physical Review B},
  year = {1996},
  volume = {54},
  pages = {14362 -- 14375},
  number = {20},
  month = {NOV 15},
  isifile-ga = {VX717},
  isifile-j9 = {PHYS REV B},
  isifile-ji = {Phys. Rev. B},
  size = {14 p.},
  sourceid = {ISI:A1996VX71700034}
}

@ARTICLE{BU-HA-BO:1974,
  author = {Bucknell, M. G. and Handy, N. C. and Boys, S. F.},
  title = {Vibration-Rotation Wavefunctions and Energies for Any Molecule Obtained
	by a Variational Method},
  journal = {Molecular Physics},
  year = {1974},
  volume = {28},
  pages = {759-776},
  number = {3}
}

@ARTICLE{BUR-ODE:1998,
  author = {C. S. Burrus and J. E. Odegard},
  title = {Coiflet Systems and Zero Moments},
  journal = ieeesp,
  year = {1998},
  volume = {46},
  pages = {761--766},
  number = {3},
  month = {March}
}

@ARTICLE{BUR-FEN:1977,
  author = {Bursten, B.E. and Fenske, R.F.},
  title = {{LCAO} representation of {X} {ALPHA}-{SW} molecular orbitals},
  journal = {J. Chem. Phys.},
  year = {1977},
  volume = {67},
  pages = {3138 -- 3145},
  number = {7},
  isifile-ga = {DZ317},
  isifile-j9 = {J CHEM PHYS},
  isifile-ji = {J. Chem. Phys.},
  size = {8 p.},
  sourceid = {ISI:A1977DZ31700026}
}

@ARTICLE{CAG-AKA:1993,
  author = {H. Caglar and A. N. Akansu},
  title = {A generalized parametric PR-QMF design technique based on {B}ernstein
	polynomial approximation},
  journal = ieeesp,
  year = {1993},
  volume = {41},
  pages = {2314--2321},
  number = {7}
}

@BOOK{CALOGE:2001,
  title = {Classical many-body problems amenable to exact treatments},
  publisher = {Springer},
  year = {2001},
  author = {Calogero, F.},
  series = {Lecture notes in physics, monographs m66}
}

@ARTICLE{CALOGE:1999,
  author = {Calogero, F.},
  title = {Remarkable matrices and trigonometric identities {I}{I}},
  journal = {Commun. Appl. Anal.},
  year = {1999},
  volume = {3},
  pages = {267--270},
  number = {2},
  fjournal = {Communications in Applied Analysis. An International Journal for Theory
	and Applications},
  issn = {1083-2564},
  mrclass = {15A24},
  mrnumber = {99m:15010}
}

@ARTICLE{CARDOS:1999,
  author = {Jean-Fran{\c{c}}ois Cardoso},
  title = {Higher-order contrasts for independent component analysis},
  journal = {Neural Computation},
  year = {1999},
  volume = {11},
  pages = {157--192}
}

@ARTICLE{CASSEL:1956,
  author = {J. W. S. Cassels},
  title = {On the sums of powers of complex numbers},
  journal = {Acta Math. Acad. Sci. Hungar.},
  year = {1956},
  volume = {7},
  pages = {283--289},
  mrclass = {10.3X},
  mrnumber = {19,397a},
  mrrevr = {W. J. LeVeque}
}

@ARTICLE{CHA-HAN:2000,
  author = {Chan, G. K. L. and Handy, N. C.},
  title = {An extensive study of gradient approximations to the exchange- correlation
	and kinetic energy functionals},
  journal = {Journal of Chemical Physics},
  year = {2000},
  volume = {112},
  pages = {5639-5653},
  number = {13}
}

@ARTICLE{CHA-HAN:1996,
  author = {Chan, G. K. L. and Handy, N. C.},
  title = {C8H8: A density functional theory study of molecular geometries introducing
	the localised bond density},
  journal = {Journal of the Chemical Society-Faraday Transactions},
  year = {1996},
  volume = {92},
  pages = {3015-3021},
  number = {17}
}

@ARTICLE{CH-TO-HA:1997,
  author = {Chan, G. K. L. and Tozer, D. J. and Handy, N. C.},
  title = {Correlation potentials and functionals in Hartree-Fock-Kohn- Sham
	theory},
  journal = {Journal of Chemical Physics},
  year = {1997},
  volume = {107},
  pages = {1536-1543},
  number = {5}
}

@ARTICLE{CHEN:1997,
  author = {Chen, Y.},
  title = {Inverse scattering via Heisenberg's uncertainty principle},
  journal = {Inverse problems},
  year = {1997},
  volume = {13},
  pages = {253--282}
}

@ARTICLE{CHE-BOR:2003,
  author = {Cheney, Margaret and Borden, Brett},
  title = {Microlocal structure of inverse synthetic aperture radar data},
  journal = {Inverse Problems},
  year = {2003},
  volume = {19},
  pages = {173--193},
  number = {1},
  coden = {INPEEY},
  fjournal = {Inverse Problems. An International Journal on the Theory and Practice
	of Inverse Problems, Inverse Methods and Computerized Inversion of
	Data},
  issn = {0266-5611},
  mrclass = {78A46 (35L10 35P25 94A12)},
  mrnumber = {1 964 257}
}

@ARTICLE{CH-GR-RO:1999,
  author = {Cheng, H. and Greengard, L. and Rokhlin, V.},
  title = {A fast adaptive multipole algorithm in three dimensions},
  journal = {J. Comput. Phys.},
  year = {1999},
  volume = {155},
  pages = {468--498},
  number = {2},
  coden = {JCTPAH},
  fjournal = {Journal of Computational Physics},
  issn = {0021-9991},
  mrclass = {65N55},
  mrnumber = {2000h:65178},
  mrreviewer = {So-Hsiang Chou}
}

@ARTICLE{C-A-J-L:1993,
  author = {Cho, K. and Arias, T.A. and Joannopoulos, J.D. and Lam, P.K.},
  title = {Wavelets in Electronic-Structure Calculations},
  journal = {Physical Review Letters},
  year = {1993},
  volume = {71},
  pages = {1808 -- 1811},
  number = {12},
  month = {SEP 20},
  isifile-ga = {LY018},
  isifile-j9 = {PHYS REV LETT},
  isifile-ji = {Phys. Rev. Lett.},
  size = {4 p.},
  sourceid = {ISI:A1993LY01800008}
}

@ARTICLE{CHORIN:1973,
  author = {Chorin, Alexandre Joel},
  title = {Numerical study of slightly viscous flow},
  journal = {J. Fluid Mech.},
  year = {1973},
  volume = {57},
  pages = {785--796},
  number = {4}
}

@ARTICLE{COC-SHU:1998,
  author = {B. Cockburn and C. Shu},
  title = {The Local Discontinuous {G}alerkin Method for Time-Dependent Convection-Diffusion
	Systems},
  journal = {SIAM J. Numer. Anal.},
  year = {1998},
  volume = {35},
  pages = {2440-2463},
  number = {6},
  month = {December},
  address = {Mail Stop 403, NASA Langley Reseach Center, Hampton VA 23681-0001}
}

@ARTICLE{COC-SHU:1991,
  author = {B. Cockburn and C. W. Shu},
  title = {The {R}unge-{K}utta local projection $P^1$ -discontinuous {G}alerkin
	Method for scalar conservation laws},
  journal = {M2 AN},
  year = {1991},
  volume = {25},
  pages = {337-361}
}

@INPROCEEDINGS{COHEN:1992,
  author = {A. Cohen},
  title = {Wavelets and digital signal processing},
  booktitle = {Wavelets and Their Applications},
  year = {1992},
  editor = {M. B. Ruskai et al.},
  address = {Boston},
  publisher = {Jones and Bartlett}
}

@ARTICLE{COHEN:1990,
  author = {A. Cohen},
  title = {Ondelettes, analyses multir\'{e}solutions et filtres miroirs en quadrature},
  journal = aihp,
  year = {1990},
  volume = {7},
  pages = {439--459},
  number = {5}
}

@ARTICLE{C-D-J-V:1992,
  author = {Cohen, Albert and Daubechies, Ingrid and Jawerth, Bj{\"o}rn and Vial,
	Pierre},
  title = {Multiresolution analysis, wavelets and fast algorithms on an interval},
  journal = {C. R. Acad. Sci. Paris S\'er. I Math.},
  year = {1993},
  volume = {316},
  pages = {417--421},
  number = {5},
  coden = {CASMEI},
  fjournal = {Comptes Rendus de l'Acad\'emie des Sciences. S\'erie I. Math\'ematique},
  issn = {0764-4442},
  mrclass = {42C15},
  mrreviewer = {Hans G. Feichtinger}
}

@ARTICLE{CO-DA-VI:1993,
  author = {A. Cohen and I. Daubechies and P. Vial},
  title = {Wavelets on the interval and fast wavelet transforms},
  journal = {Appl. and Comp. Harmonic Analysis},
  year = {1993},
  volume = {1},
  pages = {54--81},
  number = {1}
}

@ARTICLE{COH-SUN:1993,
  author = {A. Cohen and Q. Sun},
  title = {An arithmetic characterization of the conjugate quadrature filters
	associated to orthonormal wavelet bases},
  journal = sma,
  year = {1993},
  volume = {24},
  pages = {1355-1360},
  number = {5}
}

@ARTICLE{COH-HAN:2001,
  author = {Cohen, A. J. and Handy, N. C.},
  title = {Dynamic correlation},
  journal = {Molecular Physics},
  year = {2001},
  volume = {99},
  pages = {607-615},
  number = {7}
}

@ARTICLE{C-W-A-H:1994,
  author = {Cohen, M. J. and Willetts, A. and Amos, R. D. and Handy, N. C.},
  title = {Vibrational Contributions to Static Polarizabilities and Hyperpolarizabilities},
  journal = {Journal of Chemical Physics},
  year = {1994},
  volume = {100},
  pages = {4467-4476},
  number = {6}
}

@INCOLLECTION{CO-ME-WI:1992,
  author = {Coifman, R. and Meyer, Y. and Wickerhauser, V.},
  title = {Adapted wave form analysis, wavelet-packets and applications},
  booktitle = {ICIAM 91 (Washington, DC, 1991)},
  publisher = {SIAM},
  year = {1992},
  pages = {41--50},
  address = {Philadelphia, PA},
  mrclass = {94A12}
}

@ARTICLE{COI-MUR:1989,
  author = {R.R. Coifman and M.A.M. Murray},
  title = {Uniform Analyticity of Orthogonal Projections},
  journal = {Transactions of the American Mathematical Society},
  year = {1989},
  volume = {312},
  pages = {779--817},
  number = {2},
  month = {April}
}

@ARTICLE{COI-MEY:1991,
  author = {Ronald R. Coifman and Yves Meyer},
  title = {Remarques sur l'analyse de {F}ourier {\`a} fen{\^e}tre},
  journal = {C. R. Acad{\'e}mie des Sciences},
  year = {1991},
  volume = {312},
  pages = {259-261},
  number = {1}
}

@BOOK{COL-KRE:1992,
  title = {Inverse acoustic and electromagnetic scattering theory},
  publisher = {Springer-Verlag},
  year = {1992},
  author = {Colton, D. and Kress, R.}
}

@ARTICLE{CO-HA-LE:1996,
  author = {Colwell, S. M. and Handy, N. C. and Lee, A. M.},
  title = {Determination of frequency-dependent polarizabilities using current
	density-functional theory},
  journal = {Physical Review A},
  year = {1996},
  volume = {53},
  pages = {1316-1322},
  number = {3}
}

@ARTICLE{COO-TUK:1965,
  author = {Cooley, J.W. and Tukey, J.W.},
  title = {An algorithm for the machine computation of complex {F}ourier series},
  journal = {Math. Comp.},
  year = {1965},
  volume = {19},
  pages = {297-301}
}

@ARTICLE{CORMAC:1963,
  author = {Cormack, A.M.},
  title = {Representation of a function by its line integrals, with some radiological
	applications},
  journal = {J. Appl. Phys.},
  year = {1963},
  volume = {34},
  pages = {2722-2727}
}

@ARTICLE{C-L-H-S:1997,
  author = {Crawford, T. D. and Lee, T. J. and Handy, N. C. and Schaefer, H.
	F.},
  title = {Spin-restricted Brueckner orbitals for coupled-cluster wavefunctions},
  journal = {Journal of Chemical Physics},
  year = {1997},
  volume = {107},
  pages = {9980-9984},
  number = {23}
}

@ARTICLE{PO-ST-TA:1998,
  author = {Daniel Potts, Gabriele Steidl, and Manfred Tasche},
  title = {Fast and stable algorithms for discrete spherical {F}ourier transforms},
  journal = {Linear Algebra and its Applications},
  year = {1998},
  volume = {275-276},
  pages = {433-450}
}

@ARTICLE{DAUBEC:1993,
  author = {I. Daubechies},
  title = {Orthonormal bases of compactly supported wavelets {II. Variations}
	on a theme},
  journal = sma,
  year = {1993},
  volume = {24},
  pages = {499--519},
  number = {2}
}

@BOOK{DAUBEC:1992,
  title = {Ten Lectures on Wavelets},
  publisher = {SIAM},
  year = {1992},
  author = {I. Daubechies},
  series = {{CBMS-NSF} Series in {A}pplied {M}athematics}
}

@ARTICLE{DAUBEC:1988,
  author = {I. Daubechies},
  title = {Orthonormal bases of compactly supported wavelets},
  journal = {Comm. Pure and Appl. Math.},
  year = {1988},
  volume = {41},
  pages = {909--996}
}

@ARTICLE{DA-AR-EN:2003,
  author = {Daykov, I. P. and Arias, T. A. and Engeness, T. D.},
  title = {Robust ab initio calculation of condensed matter: Transparent convergence
	through semicardinal multiresolution analysis},
  journal = {Physical Review Letters},
  year = {2003},
  volume = {90},
  number = {21}
}

@ARTICLE{LA-MO-VA:2000,
  author = {De Lathauwer, Lieven and De Moor, Bart and Vandewalle, Joos},
  title = {A multilinear singular value decomposition},
  journal = {SIAM J. Matrix Anal. Appl.},
  year = {2000},
  volume = {21},
  pages = {1253--1278},
  number = {4},
  fjournal = {SIAM Journal on Matrix Analysis and Applications},
  issn = {1095-7162},
  mrclass = {15A18 (65F30)},
  mrnumber = {1 780 272}
}

@ARTICLE{LA-MO-VA:2000c,
  author = {De Lathauwer, Lieven and De Moor, Bart and Vandewalle, Joos},
  title = {On the best rank-1 and rank-$({R}\sb 1,{R}\sb 2,\cdots,{R}\sb {N})$
	approximation of higher-order tensors},
  journal = {SIAM J. Matrix Anal. Appl.},
  year = {2000},
  volume = {21},
  pages = {1324--1342},
  number = {4},
  fjournal = {SIAM Journal on Matrix Analysis and Applications},
  issn = {1095-7162},
  mrclass = {15A69 (65F30)},
  mrnumber = {1 780 276}
}

@BOOK{DEANS:1993,
  title = {The {R}adon transform and some of its applications},
  publisher = {Krieger Publishing Company},
  year = {1993},
  author = {S. Deans}
}

@INCOLLECTION{DEL-GEN:1984,
  author = {Delsarte, P. and Genin, Y.},
  title = {Spectral properties of finite {T}oeplitz matrices},
  booktitle = {Mathematical theory of networks and systems (Beer Sheva, 1983)},
  publisher = {Springer},
  year = {1984},
  pages = {194--213},
  address = {Berlin},
  mrclass = {15A18}
}

@ARTICLE{DER-KLU:1968,
  author = {DeRosier, D.J. and Klug, A.},
  title = {Reconstruction of Three Dimensional Structures from Electron Micrographs},
  journal = {Nature},
  year = {1968},
  volume = {217},
  pages = {130-134}
}

@ARTICLE{DIC-BEC:1996,
  author = {Dickson, R. M. and Becke, A. D.},
  title = {Local density-functional polarizabilities and hyperpolarizabilities
	at the basis-set limit},
  journal = {Journal of Physical Chemistry},
  year = {1996},
  volume = {100},
  pages = {16105-16108},
  number = {40}
}

@ARTICLE{DIC-BEC:1993,
  author = {Dickson, R. M. and Becke, A. D.},
  title = {Basis-Set-Free Local Density-Functional Calculations of Geometries
	of Polyatomic-Molecules},
  journal = {Journal of Chemical Physics},
  year = {1993},
  volume = {99},
  pages = {3898-3905},
  number = {5}
}

@ARTICLE{DOG-VAI:1990,
  author = {Z. Do\v{g}anata and P. P. Vaidyanathan},
  title = {Minimal structures for the implementation of digital rational lossless
	systems},
  journal = assp,
  year = {1990},
  volume = {38},
  pages = {2058-2074}
}

@ARTICLE{DON-DEM:1991,
  author = {Dongarra, J. and Demmel, J.},
  title = {Lapack - a Portable High-Performance Numerical Library for Linear
	Algebra},
  journal = {Supercomputer},
  year = {1991},
  volume = {8},
  pages = {33-38},
  number = {6},
  note = {HM360 SUPERCOMPUTER}
}

@BOOK{DREIZL:1990,
  title = {Density Functional Theory: An Approach to the Quantum Many-Body Problem},
  publisher = {Springer-Verlag},
  year = {1990},
  author = {R.M. Dreizler and E.K.U. Gross}
}

@ARTICLE{DRI-HEA:1994,
  author = {Driscoll,James R. and Healy, Jr.,Dennis M.},
  title = {Computing {Fourier} Transforms and Convolutions on the 2--Sphere},
  journal = aam,
  year = {1994},
  volume = {15},
  pages = {202-250}
}

@ARTICLE{DRMAC:1998,
  author = {Zlatko Drma{\u{c}}},
  title = {Accurate Computation of the Product-induced Singular Value Decomposition
	with Applications},
  journal = sinum,
  year = {1998},
  volume = {35},
  pages = {1969-1994},
  number = {5},
  month = {October}
}

@ARTICLE{DU-GU-RO:1996,
  author = {Dutt, A. and Gu, M. and Rokhlin, V.},
  title = {Fast algorithms for polynomial interpolation, integration, and differentiation},
  journal = {SIAM J. Numer. Anal.},
  year = {1996},
  volume = {33},
  pages = {1689--1711},
  number = {5},
  coden = {SJNAAM},
  fjournal = {SIAM Journal on Numerical Analysis},
  issn = {0036-1429},
  mrclass = {65D05 (65Y20)},
  mrnumber = {97h:65015}
}

@ARTICLE{DUT-ROK:1993,
  author = {Dutt, A. and Rokhlin, V.},
  title = {Fast {F}ourier transforms for nonequispaced data},
  journal = {SIAM J. Sci. Comput.},
  year = {1993},
  volume = {14},
  pages = {1368--1393},
  number = {6},
  coden = {SJOCE3},
  fjournal = {SIAM Journal on Scientific Computing},
  issn = {1064-8275},
  mrclass = {65T20 (65R10)},
  mrnumber = {95d:65114}
}

@BOOK{DUTTON:1986,
  title = {The ceaseless wind: An introduction to the theory of atmospheric
	motion},
  publisher = {Dover},
  year = {1986},
  author = {John A. Dutton}
}

@ARTICLE{ENG-ARI:2002,
  author = {Engeness, T.D. and Arias, T.A.},
  title = {Multiresolution analysis for efficient, high precision all- electron
	density-functional calculations},
  journal = {Physical Review B},
  year = {2002},
  volume = {65},
  pages = {\#165106},
  number = {16},
  month = {APR 15},
  isifile-ga = {547GQ},
  isifile-j9 = {PHYS REV B},
  isifile-ji = {Phys. Rev. B},
  size = {10 p.},
  sourceid = {ISI:000175325000026}
}

@ARTICLE{ENG-MAJ:1977,
  author = {B. Engquist and A. Majda},
  title = {Absorbing boundary conditions for the numerical simulation of waves},
  journal = {Mathematics of Computation},
  year = {1977},
  volume = {31},
  pages = {629-651}
}

@ARTICLE{EST-GAL:1977,
  author = {D. Esteban and C. Galand},
  title = {Application of quadrature mirror filters to split band voice coding
	systems},
  journal = {International Conference on Acoustics, Speech and Signal Processing},
  year = {1977},
  pages = {191-195},
  note = {Washington, D.C.}
}

@BOOK{EVANS:1998,
  title = {Partial differential equations},
  publisher = {American Mathematical Society},
  year = {1998},
  author = {Evans, L.C.}
}

@ARTICLE{ibmpaper,
  author = {G. Fann and G. Beylkin and R. J. Harrison and K. E. Jordan},
  title = {Singular operators in multiwavelet bases},
  journal = {IBM J. Res. Dev.},
  year = {2004},
  volume = {48},
  pages = {161--171},
  number = {2},
  address = {Riverton, NJ, USA},
  issn = {0018-8646},
  publisher = {IBM Corp.}
}

@ARTICLE{FAT-BER:2000,
  author = {Fattebert, J.L. and Bernholc, J.},
  title = {Towards grid-based {O}({N}) density-functional theory methods: {O}ptimized
	nonorthogonal orbitals and multigrid acceleration},
  journal = {Physical Review B},
  year = {2000},
  volume = {62},
  pages = {1713 -- 1722},
  number = {3},
  month = {JUL 15},
  isifile-ga = {337AR},
  isifile-j9 = {PHYS REV B},
  isifile-ji = {Phys. Rev. B},
  size = {10 p.},
  sourceid = {ISI:000088335600054}
}

@PHDTHESIS{FAZZIO:1998,
  author = {R. Shane Fazzio},
  title = {Control and Estimation using Best-Basis Approximations},
  school = {Univ. of Colorado},
  year = {1998},
  month = {April}
}

@ARTICLE{FAZ-BEY:2001,
  author = {R. Shane Fazzio and Gregory Beylkin},
  title = {Approximation of High Dimensional Control Systems using Best-Basis
	Representations},
  year = {2001},
  note = {in preparation}
}

@ARTICLE{FEDERB:1981,
  author = {P. Federbush},
  title = {A {M}ass {Z}ero {C}luster {E}xpansion},
  journal = {Communication Math. Phys.},
  year = {1981},
  volume = {81},
  pages = {327-340}
}

@ARTICLE{FETTWE:1972,
  author = {A. Fettweis},
  title = {A simple design of maximally flat delay digital filters},
  journal = ieeea,
  year = {1972},
  volume = {20},
  pages = {112-114},
  number = {2}
}

@ARTICLE{FIS-DEF:1998,
  author = {Fischer, P. and Defranceschi, M.},
  title = {Numerical solution of the {S}chrodinger equation in a wavelet basis
	for hydrogen-like atoms},
  journal = {SIAM Journal On Numerical Analysis},
  year = {1998},
  volume = {35},
  pages = {1 -- 12},
  number = {1},
  month = {FEB},
  isifile-ga = {ZC436},
  isifile-j9 = {SIAM J NUMER ANAL},
  isifile-ji = {SIAM J. Numer. Anal.},
  size = {12 p.},
  sourceid = {ISI:000072578000021}
}

@BOOK{FLAMME:1957,
  title = {Spheroidal wave functions},
  publisher = {Stanford Univeristy Press},
  year = {1957},
  author = {Flammer, C.}
}

@BOOK{FORNBE:1995,
  title = {A practical guide to pseudospectral methods},
  publisher = {Cambridge Univeristy Press},
  year = {1995},
  author = {Fornberg, B.}
}

@ARTICLE{FOURNI:2001,
  author = {Aim\'e Fournier},
  title = {Shallow-water flow with the adaptive multiwavelet method},
  journal = {Eos Trans. AGU},
  year = {2001},
  volume = {82},
  number = {20},
  note = {Spring Meet. Suppl., Boston, Abstract U42A-02}
}

@MISC{FOURNI:1994,
  author = {Aim\'e Fournier},
  title = {Wavelet modeling and analysis of atmospheric dynamics and energetics:
	Project summary},
  year = {1994},
  note = {NSF-DMS-9420011}
}

@INPROCEEDINGS{F-T-P-S:2000,
  author = {Aim\'{e} Fournier and Mark A. Taylor and Lorenzo M. Polvani and R.
	Saravanan},
  title = {Spectral element method {Part} 2: {Numerical} simulations},
  booktitle = {Proc. 8th Annual Conf. CFD Soc. Canada},
  year = {2000},
  pages = {181--188},
  month = jun,
  note = {\texttt{ftp://ftp.cgd.ucar.edu/pub/fournier/publications/NuSi.ps.gz}}
}

@INPROCEEDINGS{FO-TA-TR:2000,
  author = {Aim\'{e} Fournier and Mark A. Taylor and Joseph Tribbia},
  title = {Spectral element method part 1: {Numerical} algorithms},
  booktitle = {Proc. 8th Annual Conf. CFD Soc. Canada},
  year = {2000},
  pages = {173--180},
  month = jun,
  note = {\texttt{ftp://ftp.cgd.ucar.edu/pub/fournier/publications/AlNu.ps.gz}}
}

@INPROCEEDINGS{FFTW3,
  author = {Frigo, Matteo and Johnson, Steven~G.},
  title = {The Design and Implementation of {FFTW3}},
  year = {2005},
  volume = {93},
  number = {2},
  pages = {216--231},
  note = {special issue on "Program Generation, Optimization, and Platform
	Adaptation"},
  journal = {Proceedings of the IEEE}
}

@BOOK{GANTMA:1959,
  title = {The theory of matrices},
  publisher = {Chelsea Pub. Co.},
  year = {1959},
  author = {F.R. Gantmacher}
}

@ARTICLE{GAU-DEH:2003,
  author = {Gautesen, A.K. and de Hoop, M.},
  title = {Uniform asymptotic of the square-root Helmholtz operator and the
	one-way wave propagator},
  journal = sijam,
  year = {2003},
  volume = {63},
  pages = {777-800}
}

@ARTICLE{GILBER:1972,
  author = {P. Gilbert},
  title = {The reconstruction of a three-dimensional structure from projections
	and its applications to electron microscopy {II}. {D}irect methods},
  journal = {Proc. R. Soc. Lond. B.},
  year = {1972},
  pages = {89-102}
}

@ARTICLE{GI-BE-DU:1998,
  author = {D.L. Gines and G. Beylkin and J. Dunn},
  title = {{LU} factorization of non-standard forms and direct multiresolution
	solvers},
  journal = acha,
  year = {1998},
  volume = {5},
  pages = {156-201},
  note = {Univ. of Colorado, APPM preprint \#278, 1996}
}

@ARTICLE{GIVOLI:1991,
  author = {D. Givoli},
  title = {Nonreflecting boundary conditions},
  journal = jcp,
  year = {1991},
  volume = {94},
  pages = {1-29}
}

@ARTICLE{GO-HA-SC:1979,
  author = {Goddard, J. D. and Handy, N. C. and Schaefer, H. F.},
  title = {Gradient Techniques for Open-Shell Restricted Hartree-Fock and Multiconfiguration
	Self-Consistent-Field Methods},
  journal = {Journal of Chemical Physics},
  year = {1979},
  volume = {71},
  pages = {1525-1530},
  number = {4}
}

@ARTICLE{GOEDEC:1999,
  author = {Goedecker, S.},
  title = {Linear scaling electronic structure methods},
  journal = {Reviews of Modern Physics},
  year = {1999},
  volume = {71},
  pages = {1085 -- 1123},
  number = {4},
  month = {JUL},
  isifile-ga = {226UA},
  isifile-j9 = {REV MOD PHYS},
  isifile-ji = {Rev. Mod. Phys.},
  size = {39 p.},
  sourceid = {ISI:000082039400007}
}

@ARTICLE{GOE-COL:1994,
  author = {S. Goedecker and L. Colombo},
  title = {Efficient Linear Scaling Algorithms for Tight-Binding Molecular Dynamics},
  journal = prl,
  year = {1994},
  volume = {73},
  pages = {122--125},
  number = {1},
  month = {July}
}

@ARTICLE{GOE-IVA:1999,
  author = {Goedecker, S. and Ivanov, O.V.},
  title = {Frequency localization properties of the density matrix and its resulting
	hypersparsity in a wavelet representation},
  journal = {Physical Review B},
  year = {1999},
  volume = {59},
  pages = {7270 -- 7273},
  number = {11},
  month = {MAR 15},
  isifile-ga = {182PQ},
  isifile-j9 = {PHYS REV B},
  isifile-ji = {Phys. Rev. B},
  size = {4 p.},
  sourceid = {ISI:000079507700005}
}

@ARTICLE{GOE-IVA:1998,
  author = {Goedecker, S. and Ivanov, O.V.},
  title = {Linear scaling solution of the {C}oulomb problem using wavelets},
  journal = {Solid State Communications},
  year = {1998},
  volume = {105},
  pages = {665 -- 669},
  number = {11},
  month = {MAR},
  isifile-ga = {YZ742},
  isifile-j9 = {SOLID STATE COMMUN},
  isifile-ji = {Solid State Commun.},
  size = {5 p.},
  sourceid = {ISI:000072287100001}
}

@ARTICLE{GOE-TET:1995,
  author = {S. Goedecker and M. Teter},
  title = {Tight-Binding Electronic-Structure Calculations and Tight-Binding
	Molecular Dynamics with Localized Orbitals},
  journal = prb,
  year = {1995},
  volume = {51},
  pages = {9455--9464},
  number = {15},
  month = {April}
}

@ARTICLE{GOH-OLS:1992,
  author = {Gohberg, I. and Olshevsky, V.},
  title = {Circulants, displacements and decompositions of matrices},
  journal = {Integral Equations Operator Theory},
  year = {1992},
  volume = {15},
  pages = {730--743},
  number = {5}
}

@ARTICLE{GOH-SEM:1972,
  author = {Gohberg, I. C. and Semencul, A. A.},
  title = {The inversion of finite {T}oeplitz matrices and their continual analogues},
  journal = {Mat. Issled.},
  year = {1972},
  volume = {7},
  pages = {201--223, 290},
  number = {2(24)}
}

@BOOK{GOL-LOA:1996,
  title = {Matrix computations},
  publisher = {Johns Hopkins Unviversity Press},
  year = {1996},
  author = {G. Golub and C. Van Loan},
  edition = {3:rd}
}

@BOOK{GON-BUT:1999,
  title = {Multiple Scattering in Solids},
  publisher = {Springer},
  year = {1999},
  author = {Gonis, A. and Butler, W.H.}
}

@INPROCEEDINGS{GOP-BUR:1992,
  author = {R. A. Gopinath and C. S. Burrus},
  title = {On the Moments of the Scaling Function $\psi_0$},
  booktitle = {Proc. of the IEEE ISCAS},
  year = {1992},
  volume = {2},
  pages = {963-966},
  address = {San Diego, CA},
  month = may,
  key = {wlet}
}

@ARTICLE{GOT-HES:2001,
  author = {Gottlieb, D. and Hesthaven, J. S.},
  title = {Spectral methods for hyperbolic problems},
  journal = {J. Comput. Appl. Math.},
  year = {2001},
  volume = {128},
  pages = {83--131},
  number = {1-2},
  note = {Numerical analysis 2000, Vol. VII, Partial differential equations},
  coden = {JCAMDI},
  fjournal = {Journal of Computational and Applied Mathematics},
  issn = {0377-0427},
  mrclass = {65M70},
  mrnumber = {2001m:65138},
  mrreviewer = {Axel Klar}
}

@ARTICLE{GREENG:1991,
  author = {Gottlieb, D. and Hesthaven, J. S.},
  title = {Spectral integration and two-point boundary value problems},
  journal = {SINUM},
  year = {1991},
  volume = {28},
  pages = {1071--1080},
  number = {4}
}

@BOOK{GR-KN-PA:1989,
  title = {Concrete Mathematics},
  publisher = aw,
  year = {1989},
  author = {R. Graham and D. K. Knuth and O. Patashnik}
}

@BOOK{GRE-SZE:1958,
  title = {Toeplitz forms and their applications},
  publisher = {Univ. of California Press, Berkeley},
  year = {1958},
  author = {Grenander, U. and Szego, G.}
}

@BOOK{GRE-SZE:1984,
  title = {Toeplitz forms and their applications},
  publisher = {Chelsea Publishing Co.},
  year = {1984},
  author = {Grenander, U. and Szeg{\H{o}}, G.},
  pages = {x+245},
  address = {New York},
  edition = {Second},
  isbn = {0-8284-0321-X},
  mrclass = {42C05 (30B10 44A60 60G10)},
  mrnumber = {88b:42031}
}

@ARTICLE{GRO-KEL:1995,
  author = {M. Grote and J. Keller},
  title = {Exact nonreflecting boundary conditions for the time-dependent wave
	equation},
  journal = {SIAM J. Appl. Math.},
  year = {1995},
  volume = {55},
  pages = {280-297}
}

@ARTICLE{HALL:1951,
  author = {Hall, G.G.},
  title = {?},
  journal = {Proc. Roy. Soc.},
  year = {1951},
  volume = {A230},
  pages = {541}
}

@ARTICLE{HAN-BOY:1973,
  author = {Handy, N. C. and Boys, S. F.},
  title = {Integration Points for Reduction of Boundary-Conditions},
  journal = {Theoretica Chimica Acta},
  year = {1973},
  volume = {31},
  pages = {195-200},
  number = {3}
}

@ARTICLE{HAN-COH:2002,
  author = {Handy, N. C. and Cohen, A. J.},
  title = {A dynamical correlation functional},
  journal = {Journal of Chemical Physics},
  year = {2002},
  volume = {116},
  pages = {5411-5418},
  number = {13}
}

@ARTICLE{HAN-COH:2001,
  author = {Handy, N. C. and Cohen, A. J.},
  title = {Left-right correlation energy},
  journal = {Molecular Physics},
  year = {2001},
  volume = {99},
  pages = {403-412},
  number = {5}
}

@ARTICLE{HA-GO-SC:1979,
  author = {Handy, N. C. and Goddard, J. D. and Schaefer, H. F.},
  title = {Generalization of the Direct Configuration Interaction Method to
	the Hartree-Fock Interacting Space for Doublets, Quartets, and Open-Shell
	Singlets - Applications to No2 and No2},
  journal = {Journal of Chemical Physics},
  year = {1979},
  volume = {71},
  pages = {426-435},
  number = {1}
}

@ARTICLE{HAN-MAR-SIL:1969,
  author = {Handy, N. C. and Marron, M. T. and Silverst.Hj},
  title = {Long-Range Behavior of Hartree-Fock Orbitals},
  journal = {Physical Review},
  year = {1969},
  volume = {180},
  pages = {45},
  number = {1}
}

@ARTICLE{HARRISON:2004,
  author = {Harrison, R. J.},
  title = {A Krylov subspace accelerated inexact Newton method for linear and
	non-linear equations},
  journal = {Journal of Computational Chemistry},
  year = {2004},
  volume = {25},
  pages = {328}
}

@INPROCEEDINGS{H-F-Y-B:2003,
  author = {Harrison, R. J. and Fann, G. I. and Yanai, T. and Beylkin, G.},
  title = {Lecture Notes in Computer Science},
  year = {2003},
  volume = {2660},
  pages = {103--110},
  publisher = {Springer-Verlag, Heidelberg},
  chapter = {Multiresolution Quantum Chemistry in Multiwavelet Bases},
  issn = {0302-9743}
}

@MISC{EPAPS,
  author = {Harrison, R. J. and Fann, G. I. and Yanai, T. and Gan, Z. and Beylkin,
	G.},
  title = {Appendix to Multiresolution Quantum Chemistry: basic theory and initial
	applications},
  year = {2004},
  note = {EPAPS document number XXXXX. A direct link to this document may be
	found in the online article's HTML reference section. The document
	may also be reached via the EPAPS homepage ({\tt http://www.aip.org/pubservs/epaps.html})
	or from {\tt ftp.aip.org} in the directory {\tt /epaps}. See the
	EPAPS homepage for more information.}
}

@ARTICLE{mrqc1,
  author = {Robert J. Harrison and George I. Fann and Takeshi Yanai and Zhengting
	Gan and Gregory Beylkin},
  title = {Multiresolution quantum chemistry: Basic theory and initial applications},
  journal = {Journal of Chemical Physics},
  year = {2004},
  volume = {121},
  pages = {11587-11598},
  number = {23},
  coden = {JCPSA6},
  doi = {DOI:10.1063/1.1791051},
  eissn = {10897690},
  issn = {00219606},
  keywords = {density functional theory; atomic structure; molecular electronic
	states; Helmholtz equations; Poisson equation; Green's function methods;
	quantum chemistry; water; organic compounds; beryllium; magnesium;
	calcium; strontium; helium neutral atoms; },
  publisher = {AIP},
  url = {http://dx.doi.org/doi/10.1063/1.1791051}
}

@ARTICLE{H-L-P-W:1986,
  author = {Heath, M. T. and Laub, A. J. and Paige, C. C. and Ward, R. C.},
  title = {Computing the singular value decomposition of a product of two matrices},
  journal = {SIAM J. Sci. Statist. Comput.},
  year = {1986},
  volume = {7},
  pages = {1147--1159},
  number = {4},
  coden = {SIJCD4},
  fjournal = {Society for Industrial and Applied Mathematics. Journal on Scientific
	and Statistical Computing},
  issn = {0196-5204},
  mrclass = {65F30 (15A23)},
  mrnumber = {87h:65075}
}

@ARTICLE{H-D-S-P:1970,
  author = {Hehre, W.J. and Ditchfie, R. and Stewart, R.F. and Pople, J.A.},
  title = {Self-consistet Molecular orbital methods. 4. {U}se of Gaussian expansions
	of {S}later-type orbitals - extension to second-row molecules},
  journal = {J. Chem. Phys.},
  year = {1970},
  volume = {52},
  pages = {2769},
  number = {5}
}

@ARTICLE{HE-ST-PO:1969,
  author = {Hehre, W.J. and Stewart, R.F. and Pople, J.A.},
  title = {Self-consistent molecular-orbital methods {I}. Use of {G}aussian
	Expansions of {S}later-type atomic orbitals},
  journal = {J. Chem. Phys.},
  year = {1969},
  volume = {51},
  pages = {2657},
  number = {6},
  isifile-ga = {E3382},
  isifile-j9 = {J CHEM PHYS},
  isifile-ji = {J. Chem. Phys.},
  sourceid = {ISI:A1969E338200047}
}

@BOOK{HEI-ROS:1984,
  title = {Algebraic methods for {T}oeplitz-like matrices and operators},
  publisher = {Birkh\"auser Verlag},
  year = {1984},
  author = {G. Heinig and K. Rost},
  pages = {212},
  address = {Basel},
  isbn = {3-7643-1643-8},
  mrclass = {47B35 (15A57 47A50 47A65 65F30)},
  mrnumber = {86i:47034b},
  mrrevr = {R. V. Duduchava}
}

@ARTICLE{H-T-P-N:2001,
  author = {Heiskanen, M. and Torsti, T. and Puska, M.J. and Nieminen, R.M.},
  title = {Multigrid method for electronic structure calculations},
  journal = {Physical Review B},
  year = {2001},
  volume = {6324},
  pages = {\#245106},
  number = {24},
  month = {JUN 15},
  isifile-ga = {446TX},
  isifile-j9 = {PHYS REV B},
  isifile-ji = {Phys. Rev. B},
  size = {8 p.},
  sourceid = {ISI:000169531200019}
}

@INBOOK{HEL-TAY:1995,
  chapter = {Gaussian Basis Sets and Molecular Integrals},
  pages = {725-856},
  title = {Modern Electronic Structure Theory},
  publisher = {World Scientific},
  year = {1995},
  author = {Helgaker, T. and Taylor, P.R.},
  address = {Singapore}
}

@ARTICLE{HE-WA-HA:2000,
  author = {Helgaker, T. and Watson, M. and Handy, N. C.},
  title = {Analytical calculation of nuclear magnetic resonance indirect spin-spin
	coupling constants at the generalized gradient approximation and
	hybrid levels of density-functional theory},
  journal = {Journal of Chemical Physics},
  year = {2000},
  volume = {113},
  pages = {9402-9409},
  number = {21}
}

@ARTICLE{HER-VET:1993,
  author = {C. Herley and M. Vetterli},
  title = {Wavelets and recursive filter banks},
  journal = {IEEE Trans. Signal Processing},
  year = {1993},
  volume = {41},
  pages = {2536--2556},
  number = {8}
}

@ARTICLE{HER-GIL:1995,
  author = {E. Hern{\'a}ndez and M.J. Gillan},
  title = {Self-consistent first-principles technique with linear scaling},
  journal = prb,
  year = {1995},
  volume = {51},
  pages = {10157--10160},
  number = {15},
  month = {April}
}

@ARTICLE{HERRMA:1971,
  author = {O. Herrmann},
  title = {On the Approximation Problem in Nonrecursive Digital Filter Design},
  journal = {IEEE Trans. on Circuit Theory},
  year = {1971},
  volume = {18},
  pages = {411-413},
  note = {Also in \cite{RAB-RAD:1972}.},
  key = {wlet}
}

@BOOK{HIL-PHI:1957,
  title = {Functional Analysis and Semi-groups},
  publisher = {American Mathematical Society},
  year = {1957},
  author = {E.~Hille and R.~S. Phillips},
  address = {Providence, RI}
}

@BOOK{HOBSON:1931,
  title = {The Theory of Spherical and Ellipsoidal Harmonics},
  publisher = {Chelsea},
  year = {1931},
  author = {E. W. Hobson},
  address = {New York}
}

@ARTICLE{HO-CO-HA:2001,
  author = {Hoe, W. M. and Cohen, A. J. and Handy, N. C.},
  title = {Assessment of a new local exchange functional OPTX},
  journal = {Chemical Physics Letters},
  year = {2001},
  volume = {341},
  pages = {319-328},
  number = {3-4}
}

@BOOK{HOR-JOH:1994,
  title = {Topics in matrix analysis},
  publisher = {Cambridge Univ. Press},
  year = {1994},
  author = {Horn, R. A. and Johnson, C. R.},
  pages = {viii+607},
  address = {Cambridge},
  note = {Corrected reprint of the 1991 original},
  isbn = {0-521-46713-6},
  mrclass = {15-02 (15-01 65-02 65Fxx)},
  mrnumber = {95c:15001}
}

@TECHREPORT{HRY-ROK:1995,
  author = {T. Hrycak and V. Rokhlin},
  title = {An Improved Fast Multipole Algorithm for Potential Fields},
  institution = {Yale Univ.},
  year = {1995},
  note = {YALEU/DCS/RR-1089},
  annote = {to appear in SIAM Journal of Numerical Analysis}
}

@TECHREPORT{HU-TS-TU:_,
  author = {S. Huss-Lederman and A. Tsao and T. Turnbull},
  title = {A parallelizable eigensolver for real diagonalizable matrices with
	real eigenvalues},
  institution = {PRISM Working Note No. 20}
}

@ARTICLE{IMOD:2002,
  author = {IMOD},
  title = {The {IMOD} home page at the {B}oulder Laboratory for 3-{D} Electron
	Microscopy of Cells},
  year = {2002},
  note = {\texttt{http://bio3d.colorado.edu/imod}}
}

@ARTICLE{IN-PA-HA:1998,
  author = {Ingamells, V. E. and Papadopoulos, M. G. and Handy, N. C. and Willetts,
	A.},
  title = {The electronic, vibrational and rotational contributions to the dipole
	moment, polarizability, and first and second, hyperpolarizabilities
	of the BH molecule},
  journal = {Journal of Chemical Physics},
  year = {1998},
  volume = {109},
  pages = {1845-1859},
  number = {5}
}

@ARTICLE{IO-AM-HA:1996,
  author = {Ioannou, A. G. and Amos, R. D. and Handy, N. C.},
  title = {The diagonal Born-Oppenheimer correction for He-2(+) and F+H-2},
  journal = {Chemical Physics Letters},
  year = {1996},
  volume = {251},
  pages = {52-58},
  number = {1-2},
  note = {UD419 CHEM PHYS LETT}
}

@BOOK{ISERLE:1996,
  title = {A first course in the numerical analysis of differential equations},
  publisher = {Cambridge University Press},
  year = {1996},
  author = {A. Iserles}
}

@INPROCEEDINGS{KEI-BEY:1996,
  author = {J.M.Keiser and G. Beylkin},
  title = {Adaptive pseudowavelet algorithms for solving nonlinear partial differential
	equations},
  booktitle = {Proc. SPIE: Wavelet Applications in Signal and Image Processing IV},
  year = {1996},
  editor = {M.A.Unser and A. Aldroubi and A.F. Laine},
  volume = {2825},
  pages = {584--599},
  publisher = {SPIE}
}

@BOOK{JA-ME-RY:2001,
  title = {Wavelets:Tools for science \& technology},
  publisher = {Society for Industrial and Applied Mathematics (SIAM)},
  year = {2001},
  author = {Jaffard, St{\'e}phane and Meyer, Yves and Ryan, Robert D.},
  pages = {xiv+256},
  address = {Philadelphia, PA},
  edition = {Revised},
  isbn = {0-89871-448-6},
  mrclass = {00A69 (42-02 42C40 94A08 94A12)},
  mrnumber = {2002g:00007},
  mrreviewer = {Peter A. McCoy}
}

@ARTICLE{JAK-ALP:1997,
  author = {R{\"u}diger Jakob-Chien and Bradley K. Alpert},
  title = {A fast Spherical Filter with uniform resolution},
  journal = jcp,
  year = {1997},
  volume = {136},
  pages = {580-584}
}

@ARTICLE{JANSSE:1992,
  author = {Janssen, A. J. E. M.},
  title = {The {S}mith-{B}arnwell condition and nonnegative scaling functions},
  journal = {IEEE Trans. Inform. Theory},
  year = {1992},
  volume = {38},
  pages = {884--886},
  number = {2, part 2},
  coden = {IETTAW},
  fjournal = {Institute of Electrical and Electronics Engineers. Transactions on
	Information Theory},
  issn = {0018-9448}
}

@ARTICLE{JAW-SWE:1994,
  author = {B. Jawerth and W. Sweldens},
  title = {An overview of wavelet based multiresolution analyses},
  journal = {SIAM Rev.},
  year = {1994},
  volume = {36},
  pages = {377-412},
  number = {3}
}

@ARTICLE{JAY-HAN:1992,
  author = {Jayatilaka, D. and Handy, N. C.},
  title = {Implications of Unitary Invariance for Gradient Theory},
  journal = {International Journal of Quantum Chemistry},
  year = {1992},
  volume = {42},
  pages = {445-458},
  number = {3},
  note = {HK103 INT J QUANTUM CHEM}
}

@INPROCEEDINGS{J-S-R-B-A-B:1993,
  author = {R.B Jenkins and J.R. Sauer and C.V.Radehaus and A.F.Benner and M.J.Ablowitz
	and G. Beylkin},
  title = {Techniques for detecting densely wavelength-multiplexed solitons},
  booktitle = {Proc. SPIE: Multigigabit Fiber Communication Systems},
  year = {1993},
  editor = {L.G.Kazovsky and K. Liu},
  volume = {2024},
  pages = {258--269},
  publisher = {SPIE}
}

@ARTICLE{JO-MA-RO:1994,
  author = {P. Jones and J. Ma and V. Rokhlin},
  title = {A Fast Direct Algorithm for the Solution of the {L}aplace Equation
	on Regions with Fractal Boundaries},
  journal = jcp,
  year = {1994},
  volume = {113},
  number = {1},
  month = {July}
}

@ARTICLE{JO-NJ-TH:1989,
  author = {Jones, W. B. and Nj{\aa}stad, O. and Thron, W. J.},
  title = {Moment theory, orthogonal polynomials, quadrature, and continued
	fractions associated with the unit circle},
  journal = {Bull. London Math. Soc.},
  year = {1989},
  volume = {21},
  pages = {113--152},
  number = {2},
  coden = {LMSBBT},
  fjournal = {The Bulletin of the London Mathematical Society},
  issn = {0024-6093},
  mrclass = {42A70 (30E05 41A21 41A55)}
}

@ARTICLE{JOU-LEM:1993,
  author = {Jouini, A. and Lemarie-Rieusset, P. G.},
  title = {Analyse multi-r\'esolution bi-orthogonale sur l'intervalle et applications},
  journal = {Ann. Inst. H. Poincar\'e Anal. Non Lin\'eaire},
  year = {1993},
  volume = {10},
  pages = {453--476},
  number = {4},
  fjournal = {Annales de l'Institut Henri Poincar\'e. Analyse Non Lin\'eaire},
  issn = {0294-1449},
  mrclass = {42C15}
}

@ARTICLE{K-H-H-M-L:1993,
  author = {Kais, S. and Herschbach, D. R. and Handy, N. C. and Murray, C. W.
	and Laming, G. J.},
  title = {Density Functionals and Dimensional Renormalization for an Exactly
	Solvable Model},
  journal = {Journal of Chemical Physics},
  year = {1993},
  volume = {99},
  pages = {417-425},
  number = {1},
  note = {LJ308 J CHEM PHYS}
}

@ARTICLE{KALOS:1963,
  author = {Kalos, M. H.},
  title = {Monte {C}arlo integration of the {S}chr\"odinger equation},
  journal = {Trans. New York Acad. Sci. (2)},
  year = {1963/1964},
  volume = {26},
  pages = {497--504},
  mrclass = {81.65},
  mrnumber = {29 \#1943},
  mrreviewer = {J. L. Gammel}
}

@ARTICLE{KALOS:1962,
  author = {Kalos, M. H.},
  title = {Monte {C}arlo calculations of the ground state of three- and four-body
	nuclei},
  journal = {Phys. Rev. (2)},
  year = {1962},
  volume = {128},
  pages = {1791--1795},
  mrclass = {81.65},
  mrnumber = {26 \#2234},
  mrreviewer = {J. L. Gammel}
}

@BOOK{KAR-STU:1966,
  title = {Tchebycheff systems: {W}ith applications in analysis and statistics},
  publisher = {Interscience Publishers John Wiley \& Sons, New York-London-Sydney},
  year = {1966},
  author = {S. Karlin and W. J. Studden},
  pages = {xviii+586},
  note = {Pure and Applied Mathematics, Vol. XV},
  mrclass = {41.00},
  mrnumber = {34 #4757},
  mrrevr = {G. G. Lorentz}
}

@ARTICLE{KA-IS-OR:1991,
  author = {G. E. Karniadakis and M. Israeli and S. A. Orszag},
  title = {High {O}rder {S}plitting {M}ethods for the {I}ncompressible {N}avier-{S}tokes
	{E}quations},
  journal = {J. Comp. Physics},
  year = {1991},
  volume = {97},
  pages = {414}
}

@ARTICLE{KA-WI-TE:1987,
  author = {M. Kass and A Witkin and D. Terzopoulus},
  title = {Snakes, active contour models },
  journal = {1st Int. Comp. Vis. Conf. IEEE},
  year = {1987},
  number = {777}
}

@BOOK{KATO:1996,
  title = {Perturbation {T}heory for {L}inear {O}perators},
  publisher = {Springer-Verlag New York, Inc.},
  year = {1996},
  author = {T. Kato},
  address = {New York}
}

@INBOOK{KATO:1975,
  chapter = {Quasi-linear equations of evolution, with applications to partial
	differential equations},
  pages = {25--70. Lecture Notes in Math., Vol. 448},
  title = {Spectral theory and differential equations (Proc. Sympos., Dundee,
	1974; dedicated to Konrad J\"orgens)},
  publisher = {Springer},
  year = {1975},
  author = {Kato, Tosio},
  address = {Berlin}
}

@ARTICLE{K-A-B-B-D-F-H-J-N-N-S-W-W:2000,
  author = {Kendall, R.A. and Apra, E. and Bernholdt, D.E. and Bylaska, E.J.
	and Dupuis, M. and Fann, G.I. and Harrison, R.J. and Ju, J.L. and
	Nichols, J.A. and Nieplocha, J. and Straatsma, T.P. and Windus, T.L.
	and Wong, A.T.},
  title = {High performance computational chemistry: {A}n overview of {NWC}hem
	a distributed parallel application},
  journal = {Computer Physics Communications},
  year = {2000},
  volume = {128},
  pages = {260 -- 283},
  number = {1-2},
  month = {JUN},
  isifile-ga = {327AH},
  isifile-j9 = {COMPUT PHYS COMMUN},
  isifile-ji = {Comput. Phys. Commun.},
  size = {24 p.},
  sourceid = {ISI:000087769100019}
}

@ARTICLE{KEN-LAU:1995,
  author = {C.S. Kenney and A.J. Laub},
  title = {The matrix sign function},
  journal = ieeetac,
  year = {1995},
  volume = {40},
  pages = {1330--1348},
  number = {8}
}

@ARTICLE{KL-WI-HA:1996,
  author = {Klatt, G. and Willets, A. and Handy, N. C.},
  title = {Anharmonic effects in the infra-red spectrum of SiH3Br - An ab initio
	study},
  journal = {Chemical Physics Letters},
  year = {1996},
  volume = {249},
  pages = {272-278},
  number = {3-4},
  note = {TV044 CHEM PHYS LETT}
}

@ARTICLE{K-W-H-T-P:1996,
  author = {Klatt, G. and Willetts, A. and Handy, N. C. and Tarroni, R. and Palmieri,
	P.},
  title = {An improved anharmonic potential for CHF3},
  journal = {Journal of Molecular Spectroscopy},
  year = {1996},
  volume = {176},
  pages = {64-74},
  number = {1},
  note = {UD485 J MOL SPECTROSC}
}

@ARTICLE{K-A-A-H-P:1991,
  author = {Knowles, P. J. and Andrews, J. S. and Amos, R. D. and Handy, N. C.
	and Pople, J. A.},
  title = {Restricted Moller-Plesset Theory for Open-Shell Molecules},
  journal = {Chemical Physics Letters},
  year = {1991},
  volume = {186},
  pages = {130-136},
  number = {2-3},
  note = {GR254 CHEM PHYS LETT}
}

@ARTICLE{KNO-HAN:1988,
  author = {Knowles, P. J. and Handy, N. C.},
  title = {Convergence of Projected Unrestricted Hartree-Fock Moller- Plesset
	Series},
  journal = {Journal of Physical Chemistry},
  year = {1988},
  volume = {92},
  pages = {3097-3100},
  number = {11},
  note = {N7017 J PHYS CHEM}
}

@ARTICLE{K-H-A-T-F-P:1991,
  author = {Kobayashi, R. and Handy, N. C. and Amos, R. D. and Trucks, G. W.
	and Frisch, M. J. and Pople, J. A.},
  title = {Gradient Theory Applied to the Brueckner Doubles Method},
  journal = {Journal of Chemical Physics},
  year = {1991},
  volume = {95},
  pages = {6723-6733},
  number = {9},
  note = {GL753 J CHEM PHYS}
}

@ARTICLE{K-O-T-T:1995,
  author = {KOGA, T. and OMURA, M. and TERUYA, H. and THAKKAR, A.J.},
  title = {Improved {R}othaan-{H}artree-{F}ock wave-functions for isoelectronic
	series of the atoms {HE} to {NE}},
  journal = {J. Phys. B-At. Mol. Opt. Phys.},
  year = {1995},
  volume = {28},
  pages = {3113 -- 3121},
  number = {15},
  month = {AUG 14},
  isifile-ga = {RP918},
  isifile-j9 = {J PHYS-B-AT MOL OPT PHYS},
  isifile-ji = {J. Phys. B-At. Mol. Opt. Phys.},
  size = {9 p.},
  sourceid = {ISI:A1995RP91800006}
}

@ARTICLE{KOHN:1996,
  author = {W. Kohn},
  title = {Density Functional and Density Matrix Method Scaling Linearly with
	the Number of Atoms},
  journal = prl,
  year = {1996},
  volume = {76},
  pages = {3168--3171},
  number = {17},
  month = {April}
}

@ARTICLE{KOLDA:2001,
  author = {Tamara G. Kolda},
  title = {Orthogonal Tensor Decompositions},
  journal = { SIAM J. Matrix Anal. Appl.},
  year = {2001},
  volume = {23},
  pages = {243-255},
  number = {1}
}

@ARTICLE{KO-HU-HO:1996,
  author = {Donald J. Kouri and Youhong Huang and David K. Hoffman},
  title = {Direct approach to density functional theory: {H}eaviside-{F}ermi
	level operator using a psedopotential treatment},
  journal = {J. Phys. Chem.},
  year = {1996},
  volume = {100},
  pages = {7903-7910}
}

@ARTICLE{KR-MA-MC:1996,
  author = {J.R. Kremer and D.N. Mastronarde and J.R. McIntosh},
  title = {Computer visualization of three-dimensional image data using {IMOD}},
  journal = {J. of Structural Biology},
  year = {1996},
  volume = {116},
  pages = {71-76}
}

@BOOK{KRE-NUD:1977,
  title = {The {M}arkov moment problem and extremal problems},
  publisher = {American Mathematical Society},
  year = {1977},
  author = {M. G. Kre{\u \i}n and A. A. Nudel'man},
  pages = {v+417},
  address = {Providence, R.I.},
  note = {Ideas and problems of P. L. \v Ceby\v sev and A. A. Markov and their
	further development, Translations of Mathematical Monographs, Vol.
	50},
  isbn = {0-8218-4500-4},
  mrclass = {44A50},
  mrnumber = {56 #16284}
}

@ARTICLE{KR-PI-LE:1980,
  author = {Kroonenberg, Pieter M. and de Leeuw, Jan},
  title = {Principal component analysis of three-mode data by means of alternating
	least squares algorithms},
  journal = {Psychometrika},
  year = {1980},
  volume = {45},
  pages = {69--97},
  number = {1},
  coden = {PSYKAZ},
  fjournal = {Psychometrika. A Journal Devoted to the Development of Psychology
	as a Quantitative Rational Science},
  issn = {0033-3123},
  mrclass = {62H25},
  mrnumber = {81g:62104},
  mrreviewer = {C. Hayashi}
}

@ARTICLE{L-V-K-L:1996,
  author = {T. I. Laakso and V. V\"{a}lim\"{a}ki and M. Karjalainen and U. K.
	Laine},
  title = {Splitting the unit delay},
  journal = ieeespm,
  year = {1996},
  volume = {13},
  pages = {30-60},
  number = {1}
}

@ARTICLE{L-M-M-H-S:1999,
  author = {M.S. Ladinsky and D.N. Mastronarde and J.R. McIntosh and K.E. Howell
	and L.A. Staehlin},
  title = {Golgi structure in three dimensions: functional insights from the
	{NRK} cell},
  journal = {J. of Cell Biology},
  year = {1999},
  volume = {144},
  pages = {1135-1149}
}

@ARTICLE{LAI:1995,
  author = {M-J Lai},
  title = {On the Digital Filter Associated with {D}aubechies' Wavelets},
  journal = ieeesp,
  year = {1995},
  volume = {43},
  pages = {2203--2205},
  number = {9}
}

@ARTICLE{LA-HA-MI:1995,
  author = {Laming, G. J. and Handy, N. C. and Miller, W. H.},
  title = {Comparison of the Gaussian and Bessel-Function Exchange Functionals
	with the Hartree-Fock Exchange for Molecules},
  journal = {Journal of Physical Chemistry},
  year = {1995},
  volume = {99},
  pages = {1880-1888},
  number = {7},
  note = {QG924 J PHYS CHEM}
}

@ARTICLE{LA-TE-HA:1993,
  author = {Laming, G. J. and Termath, V. and Handy, N. C.},
  title = {A General-Purpose Exchange-Correlation Energy Functional},
  journal = {Journal of Chemical Physics},
  year = {1993},
  volume = {99},
  pages = {8765-8773},
  number = {11},
  note = {MJ902 J CHEM PHYS}
}

@ARTICLE{LANDAU:1965,
  author = {Landau, H. J.},
  title = {The eigenvalue behavior of certain convolution equations},
  journal = {Trans. Amer. Math. Soc.},
  year = {1965},
  volume = {115},
  pages = {242--256},
  mrclass = {47.70},
  mrnumber = {33 \#7888},
  mrreviewer = {H. Widom}
}

@ARTICLE{LAN-POL:1962,
  author = {Landau, H. J. and Pollak, H. O.},
  title = {Prolate spheroidal wave functions, {F}ourier analysis and uncertainty
	{I}{I}{I}},
  journal = {Bell System Tech. J.},
  year = {1962},
  volume = {41},
  pages = {1295--1336}
}

@ARTICLE{LAN-POL:1961,
  author = {Landau, H. J. and Pollak, H. O.},
  title = {Prolate spheroidal wave functions, {F}ourier analysis and uncertainty
	{I}{I}},
  journal = {Bell System Tech. J.},
  year = {1961},
  volume = {40},
  pages = {65--84},
  mrclass = {33.27},
  mrnumber = {25 \#4147},
  mrreviewer = {I. Marx}
}

@BOOK{LAN-LIF:1977,
  title = {Quantum Mechanics (Non--relativistic Theory)},
  publisher = {Pergamon Press},
  year = {1977},
  author = {L. D. Landau and E. M. Lifshitz},
  address = {New York},
  edition = {3rd}
}

@ARTICLE{LEE-HAN:1999,
  author = {Lee, A. M. and Handy, N. C.},
  title = {Exchange vector potentials in current-density functional theory},
  journal = {Physical Review A},
  year = {1999},
  volume = {59},
  pages = {209-222},
  number = {1},
  note = {158JD PHYS REV A}
}

@ARTICLE{Lee20051,
  author = {June-Yub Lee and Leslie Greengard},
  title = {The type 3 nonuniform {FFT} and its applications},
  journal = {Journal of Computational Physics},
  year = {2005},
  volume = {206},
  pages = {1 - 5},
  number = {1},
  doi = {DOI: 10.1016/j.jcp.2004.12.004},
  issn = {0021-9991},
  keywords = {Nonuniform fast Fourier transform},
  url = {http://www.sciencedirect.com/science/article/B6WHY-4F9N729-4/2/7e1ae58ccdeb02b2deb37f9399585872}
}

@ARTICLE{LEI-SAB:1998,
  author = {Leibovici, Didier and Sabatier, Robert},
  title = {A singular value decomposition of a $k$-way array for a principal
	component analysis of multiway data, {P}{T}{A}-$k$},
  journal = {Linear Algebra Appl.},
  year = {1998},
  volume = {269},
  pages = {307--329},
  coden = {LAAPAW},
  fjournal = {Linear Algebra and its Applications},
  issn = {0024-3795},
  mrclass = {15A72 (65F15)},
  mrnumber = {99b:15039},
  mrreviewer = {Adam Marlewski}
}

@ARTICLE{LEM-MEY:1986,
  author = {P.-G. Lemari\'{e} and Y. Meyer},
  title = {Ondelettes et bases hilbertiennes},
  journal = {Rev. Mat. Iberoamericana},
  year = {1986},
  volume = {2},
  pages = {1-18}
}

@ARTICLE{LE-MO-SI:1993,
  author = {Leurgans, S. E. and Moyeed, R. A. and Silverman, B. W.},
  title = {Canonical correlation analysis when the data are curves},
  journal = {J. Roy. Statist. Soc. Ser. B},
  year = {1993},
  volume = {55},
  pages = {725--740},
  number = {3},
  coden = {JSTBAJ},
  fjournal = {Journal of the Royal Statistical Society. Series B. Methodological},
  issn = {0035-9246},
  mrclass = {62H20},
  mrnumber = {94a:62090}
}

@ARTICLE{LI-NU-VA:1993,
  author = {X-P. Li and R.W. Nunes and D. Vanderbilt},
  title = {Density-matrix electronic-structure method with linear system-size
	scaling},
  journal = prb,
  year = {1993},
  volume = {47},
  pages = {10891--10902},
  number = {16}
}

@INCOLLECTION{LILLY:1973,
  author = {D. K. Lilly},
  title = {Lectures in sub-synoptic scales of motions and two-dimensional turbulence},
  booktitle = {Dynamic meteorology},
  publisher = {D. Reidel Publishing Co.},
  year = {1973},
  editor = {Pierre Morel},
  pages = {353--418}
}

@ARTICLE{LI-AR-ED:1998,
  author = {Lippert, R.A. and Arias, T.A. and Edelman, A.},
  title = {Multiscale computation with interpolating wavelets},
  journal = {Journal of Computational Physics},
  year = {1998},
  volume = {140},
  pages = {278 -- 310},
  number = {2},
  month = {MAR 1},
  isifile-ga = {ZF789},
  isifile-j9 = {J COMPUT PHYS},
  isifile-ji = {J. Comput. Phys.},
  size = {33 p.},
  sourceid = {ISI:000072933400004}
}

@ARTICLE{LU:1994,
  author = {H. Lu},
  title = {Fast solution of confluent {V}andermonde linear systems},
  journal = {SIAM J. Matrix Anal. Appl.},
  year = {1994},
  volume = {15},
  pages = {1277--1289},
  number = {4},
  coden = {SJMAEL},
  fjournal = {SIAM Journal on Matrix Analysis and Applications},
  issn = {0895-4798}
}

@ARTICLE{LUC-FIN:2000,
  author = {Arne L{\"u}chow and Reinhold Fink},
  title = {On the Systematic Improvement of Fixed-node Diffusion Quantum {M}onte
	{C}arlo Energies Using Natural Orbital {CI} Guide Functions},
  journal = {J. Chem. Phys.},
  year = {2000},
  volume = {113},
  pages = {8457--8463},
  number = {19},
  month = {November}
}

@ARTICLE{TA-TR-IS:1997,
  author = {M. Taylor, J. Tribbia, M. Iskandarani},
  title = {The spectral element method for the shallow water equations on the
	sphere},
  journal = {J. Comp. Physics},
  year = {1997},
  volume = {130},
  pages = {92-108}
}

@TECHREPORT{TA-LO-TR:1997,
  author = {M. Taylor, R. Loft, J. Tribbia},
  title = {Performance of a spectral element atmospheric model (SEAM) on the
	HP Exemplar SPP2000},
  institution = {Scientific Computing Division, National Center for Atmospheric Research},
  year = {1997},
  address = {PO Box 3000, Boulder, CO 80303},
  month = {November}
}

@INCOLLECTION{MAD-PAT:1989,
  author = {Yvon Maday and Anthony T. Patera},
  title = {Spectral element methods for the incompressible {Navier-Stokes} equations},
  booktitle = {State--Of--The--Art Surveys on Computational Mechanics},
  publisher = {The American Society of Mechanical Engineers},
  year = {1989},
  editor = {A.~K. Noor and J.~T. Oden},
  chapter = {3},
  pages = {71--143}
}

@ARTICLE{MALLAT:1989,
  author = {Mallat, Stephane G.},
  title = {Multiresolution approximations and wavelet orthonormal bases of {$L\sp
	2({\bf R})$}},
  journal = {Trans. Amer. Math. Soc.},
  year = {1989},
  volume = {315},
  pages = {69--87},
  number = {1},
  coden = {TAMTAM},
  fjournal = {Transactions of the American Mathematical Society},
  issn = {0002-9947},
  mrclass = {42C10 (41A65)},
  mrreviewer = {F. Schipp}
}

@ARTICLE{MA-KI-JO:2002,
  author = {Maloney, A. and Kinsey, J.L. and Johnson, B.R.},
  title = {Wavelets in curvilinear coordinate quantum calculations: H-2(+) electronic
	states},
  journal = {Journal of Chemical Physics},
  year = {2002},
  volume = {117},
  pages = {3548-3557},
  number = {8}
}

@ARTICLE{MALVAR:1990,
  author = {H. S. Malvar},
  title = {Lapped {T}ransforms for {E}fficient {T}ransform/{S}ubband {C}oding},
  journal = {IEEE {T}rans. {A}coust., {S}peech, {S}ignal {P}rocessing},
  year = {1990},
  volume = {38},
  pages = {969-978},
  number = {6}
}

@BOOK{MARKOV:1948,
  title = {Selected Papers on Continued Fractions and the Theory of Functions
	Deviating Least from Zero},
  publisher = {OGIZ, Moscow-Leningrad},
  year = {1948},
  author = {Markov, A. A.},
  pages = {411},
  mrclass = {01.0X},
  mrnumber = {11,150v}
}

@ARTICLE{MARKOV:1898,
  author = {Markov, A. A.},
  title = {On the limiting values of integrals in connection with interpolation},
  journal = {Zap. Imp. Akad. Nauk. Fiz.-Mat. Otd.},
  year = {1898},
  volume = {8},
  number = {6},
  note = {In Russian. Also in \cite[pp. 146-230]{MARKOV:1948}.}
}

@ARTICLE{M-H-A-J:1992,
  author = {Maslen, P. E. and Handy, N. C. and Amos, R. D. and Jayatilaka, D.},
  title = {Higher Analytic Derivatives .4. Anharmonic Effects in the Benzene
	Spectrum},
  journal = {Journal of Chemical Physics},
  year = {1992},
  volume = {97},
  pages = {4233-4254},
  number = {6},
  note = {JN146 J CHEM PHYS}
}

@ARTICLE{MASTRO:1997,
  author = {D.N. Mastronarde},
  title = {Dual-Axis Tomography: An Approach with Alignment Methods That Preserve
	Resolution},
  journal = {J. of Structural Biology},
  year = {1997},
  volume = {120},
  pages = {343-352}
}

@ARTICLE{MAVRIP:1994,
  author = {Mavriplis, Catherine},
  title = {Adaptive mesh strategies for the spectral element method},
  journal = {Comput. Methods Appl. Mech. Engrg.},
  year = {1994},
  volume = {116},
  pages = {77--86},
  number = {1-4},
  note = {ICOSAHOM'92 (Montpellier, 1992)},
  coden = {CMMECC},
  fjournal = {Computer Methods in Applied Mechanics and Engineering},
  issn = {0045-7825},
  mrclass = {65M70},
  mrnumber = {1 286 515}
}

@ARTICLE{MCWEEN:1960,
  author = {R. McWeeny},
  title = {Some Recent Advances in Density Matrix Theory},
  journal = rmp,
  year = {1960},
  volume = {32},
  pages = {335--369},
  number = {2},
  month = {April}
}

@ARTICLE{ME-IY-BE:1995,
  author = {Merrick, M.P. And Iyer, K.A. And Beck, T.L.},
  title = {Multigrid Method For Electrostatic Computations In Numerical Density-Functional
	Theory},
  journal = {Journal of Physical Chemistry},
  year = {1995},
  volume = {99},
  pages = {12478 -- 12482},
  number = {33},
  month = {AUG 17},
  isifile-ga = {RQ016},
  isifile-j9 = {J PHYS CHEM},
  isifile-ji = {J. Phys. Chem.},
  size = {5 p.},
  sourceid = {ISI:A1995RQ01600017}
}

@BOOK{MEYER:1992,
  title = {Wavelets and Operators},
  publisher = {Cambridge Univ. Press},
  year = {1992},
  author = {Y. Meyer}
}

@BOOK{MEYER:1990,
  title = {Ondelettes et Op\'erateurs {I}. Ondelettes},
  publisher = {Hermann},
  year = {1990},
  author = {Y. Meyer},
  address = {Paris}
}

@INCOLLECTION{MEYER:1986-87,
  author = {Meyer, Y.},
  title = {Ondelettes et fonctions splines},
  booktitle = {S\'eminaire sur les \'equations aux d\'eriv\'ees partielles 1986--1987},
  publisher = {\'Ecole Polytech.},
  year = {1987},
  pages = {Exp.\ No.\ VI, 18},
  address = {Palaiseau},
  mrclass = {42C10 (41A15 46N05 65D07 81C99)},
  mrreviewer = {Michel Gatesoupe}
}

@ARTICLE{MEYER:1987,
  author = {Meyer, Yves},
  title = {Principe d'incertitude, bases hilbertiennes et alg\`ebres d'op\'erateurs},
  journal = {Ast\'erisque},
  year = {1987},
  pages = {4, 209--223},
  number = {145-146},
  note = {S\'eminaire Bourbaki, Vol.\ 1985/86},
  fjournal = {Ast\'erisque},
  issn = {0303-1179},
  mrclass = {42A38 (42B20 47B99 81D99)},
  mrreviewer = {Colin C. Graham}
}

@ARTICLE{MIL-BAI:2001,
  author = {Keith Miller and Mike J. Baines},
  title = {Least squares moving finite elements},
  journal = {IMA J. Numer. Anal.},
  year = {2001},
  volume = {21},
  pages = {621--642}
}

@ARTICLE{MILNE:1988,
  author = {Milne, S. C.},
  title = {A $q$-analog of the {G}auss summation theorem for hypergeometric
	series in ${\rm {U}}(n)$},
  journal = {Adv. in Math.},
  year = {1988},
  volume = {72},
  pages = {59--131},
  number = {1},
  coden = {ADMTA4},
  fjournal = {Advances in Mathematics},
  issn = {0001-8708},
  mrclass = {33A30 (05A30 11P57 17B20)},
  mrnumber = {90c:33006},
  mrreviewer = {David M. Bressoud}
}

@ARTICLE{MITIN:2000,
  author = {Mitin, A.V.},
  title = {Exact solution of the {H}artree-{F}ock equation for the {H}-2 molecule
	in the linear-combination-of-atomic-orbitals approximation},
  journal = {Phys. Rev. A},
  year = {2000},
  volume = {6201},
  pages = {\#010501},
  number = {1},
  month = {JUL},
  isifile-ga = {333QB},
  isifile-j9 = {PHYS REV A},
  isifile-ji = {Phys. Rev. A},
  size = {4 p.},
  sourceid = {ISI:000088139800002}
}

@ARTICLE{MOHLEN:1999,
  author = {Martin J. Mohlenkamp},
  title = {A Fast Transform for Spherical Harmonics},
  journal = jfaa,
  year = {1999},
  volume = {5},
  pages = {159--184},
  number = {2/3},
  note = {\texttt{http://www.math.ohiou.edu/$\sim$mjm/research/ftsh.ps}}
}

@ARTICLE{MOH-MON:2001P,
  author = {Martin J. Mohlenkamp and Lucas Monz\'{o}n},
  title = {An Identity for Sine of the Sum of Several Variables},
  journal = {Univ. of Colorado, APPM preprint \#480},
  year = {2001},
  note = {\texttt{http://amath.colorado.edu/activities/preprints/archive/480.pdf}}
}

@ARTICLE{MOL-LOA:1978,
  author = {Moler, Cleve and Van Loan, Charles},
  title = {Nineteen dubious ways to compute the exponential of a matrix},
  journal = {SIAM Rev.},
  year = {1978},
  volume = {20},
  pages = {801--836},
  number = {4},
  coden = {SIREAD},
  fjournal = {SIAM Review. A Publication of the Society for Industrial and Applied
	Mathematics},
  issn = {0036-1445},
  mrclass = {15A15},
  mrnumber = {80c:15004},
  mrreviewer = {C. G. Cullen}
}

@BOOK{MONTGO:1994,
  title = {Ten lectures on the interface between analytic number theory and
	harmonic analysis},
  publisher = {Published for the Conference Board of the Mathematical Sciences,
	Washington, DC},
  year = {1994},
  author = {H. L. Montgomery},
  pages = {xiv+220},
  isbn = {0-8218-0737-4},
  mrclass = {11-02 (11Kxx 11L07 11Mxx 11Nxx)},
  mrnumber = {96i:11002},
  mrrevr = {John B. Friedlander}
}

@ARTICLE{MONZON:1998P,
  author = {L. Monz\'{o}n},
  title = {Linear phase perfect reconstruction filters and wavelets with even
	symmetry},
  note = {Univ. of Colorado, APPM preprint \#414, December 1999. Submitted
	for publication. \texttt{http://amath.colorado.edu/activities/preprints/}}
}

@ARTICLE{MONZON:1999P,
  author = {L. Monz\'{o}n},
  title = {A linear system and explicit solutions for approximate linear phase
	filters},
  note = {Univ. of Colorado, APPM preprint \#415, November 1999. Submitted
	for publication. \texttt{http://amath.colorado.edu/activities/preprints/}}
}

@PHDTHESIS{MONZON:1994,
  author = {L. Monz\'{o}n},
  title = {Constructive Multiresolution Analysis and the Structure of Quadrature
	Mirror Filters},
  school = {Yale Univ.},
  year = {1994},
  type = { },
  address = { },
  note = { },
  memo = { }
}

@ARTICLE{MO-BE-HE:1999,
  author = {L. Monz\'{o}n and G. Beylkin and W. Hereman},
  title = {Compactly supported wavelets based on almost interpolating and nearly
	linear phase filters (Coiflets)},
  journal = acha,
  year = {1999},
  volume = {7},
  pages = {184--210},
  number = {2},
  note = {\texttt{http://amath.colorado.edu/activities/preprints/}}
}

@ARTICLE{MUR-HAN:1992,
  author = {Murray, C. W. and Handy, N. C.},
  title = {Comparison and Assessment of Different Forms of Open-Shell Perturbation-Theory},
  journal = {Journal of Chemical Physics},
  year = {1992},
  volume = {97},
  pages = {6509-6516},
  number = {9},
  note = {JX295 J CHEM PHYS}
}

@ARTICLE{M-L-H-A:1992,
  author = {Murray, C. W. and Laming, G. J. and Handy, N. C. and Amos, R. D.},
  title = {Kohn-Sham Bond Lengths and Frequencies Calculated with Accurate Quadrature
	and Large Basis-Sets},
  journal = {Chemical Physics Letters},
  year = {1992},
  volume = {199},
  pages = {551-556},
  number = {6},
  note = {JY068 CHEM PHYS LETT}
}

@ARTICLE{NAT-WUB:1995,
  author = {F. Natterer and Frank Wubbeling},
  title = {A propagation-backpropagation method for ultrasound tomography},
  journal = {Inverse problems},
  year = {1995},
  volume = {11},
  pages = {1225-1232}
}

@ARTICLE{NE-NO-HA:1996,
  author = {Neumann, R. and Nobes, R. H. and Handy, N. C.},
  title = {Exchange functionals and potentials},
  journal = {Molecular Physics},
  year = {1996},
  volume = {87},
  pages = {1-36},
  number = {1},
  note = {TR706 MOL PHYS}
}

@ARTICLE{NI-TY-RO:2002,
  author = {Niklasson, A.M.N. and Tymczak, C.J. and Roder, H.},
  title = {Multiresolution density-matrix approach to electronic structure calculations},
  journal = {Physical Review B},
  year = {2002},
  volume = {66},
  pages = {\#155120},
  number = {15},
  month = {OCT 15},
  isifile-ga = {612MV},
  isifile-j9 = {PHYS REV B},
  isifile-ji = {Phys. Rev. B},
  size = {15 p.},
  sourceid = {ISI:000179080800059}
}

@ARTICLE{NEH-SCU:2000,
  author = {K{\'a}roly N{\'e}meth and Gustavo E. Scuseria},
  title = {Linear scaling density matrix search based on sign matrices},
  journal = {Journal of Chemical Physics},
  year = {2000},
  volume = {113},
  pages = {6035--6041},
  number = {15},
  month = {15 October}
}

@ARTICLE{OR-AR-SO:1996,
  author = {Pablo Ordej{\'o}n and Emilio Artacho and Jos{\'e} M. Soler},
  title = {Self-consistent order-{$N$} density-functional calculations for very
	large systems},
  journal = prb,
  year = {1996},
  volume = {53},
  pages = {10441--10444},
  number = {16},
  month = {April}
}

@ARTICLE{O-D-M-G:1995,
  author = {Pablo Ordej{\'o}n and David A. Drabold and Richard M. Martin and
	Matthew P. Grumbach},
  title = {Linear System-Size scaling methods for electronic-structure calculations},
  journal = prb,
  year = {1995},
  volume = {51},
  pages = {1456--1476},
  number = {3},
  month = {January}
}

@ARTICLE{PAH-HAN:2002,
  author = {Pahl, F. A. and Handy, N. C.},
  title = {Plane waves and radial polynomials: a new mixed basis},
  journal = {Molecular Physics},
  year = {2002},
  volume = {100},
  pages = {3199-3224},
  number = {20}
}

@ARTICLE{P-T-H-H-W:1995,
  author = {Palmieri, P. and Tarroni, R. and Huhn, M. M. and Handy, N. C. and
	Willetts, A.},
  title = {An Improved Anharmonic-Force Field of Chclf2},
  journal = {Chemical Physics},
  year = {1995},
  volume = {190},
  pages = {327-344},
  number = {2-3},
  note = {QC253 CHEM PHYS}
}

@ARTICLE{PAL-MAN:1998,
  author = {Adam H. R. Palser and David E. Manolopoulos},
  title = {Canonical purification of the density matrix in electronic-structure
	theory},
  journal = prb,
  year = {1998},
  volume = {58},
  pages = {12704--12711},
  number = {19},
  month = {November}
}

@ARTICLE{P-W-H-B:1995,
  author = {Papadopoulos, M. G. and Willetts, A. and Handy, N. C. and Buckingham,
	A. D.},
  title = {The Static Polarizabilities and Hyperpolarizabilities of Li-2},
  journal = {Molecular Physics},
  year = {1995},
  volume = {85},
  pages = {1193-1203},
  number = {6},
  note = {RV614 MOL PHYS}
}

@ARTICLE{PAR-MAN:2000,
  author = {Jeffrey Park and Michael E. Mann},
  title = {Interannual Temperature Events and Shifts in Global Temperature:
	A "Multiwavelet" Correlation Approach},
  journal = {Earth Interactions},
  year = {2000},
  volume = {4},
  pages = {1--36},
  number = {1}
}

@BOOK{PAR-YAN:1989,
  title = {Density-Functional Theory of Atoms and Molecules},
  publisher = {Oxford Univ. Press},
  year = {1989},
  author = {Robert G. Parr and Weitao Yang},
  number = {16},
  series = {The International Series of monographs on Chemistry},
  address = {New york}
}

@ARTICLE{PAR-CUL:1984,
  author = {C.~A. Parret and M.~J.~P. Cullen},
  title = {Simulation of hydraulic jumps in the presence of rotation},
  journal = {Quart. J. Roy. Met. Soc.},
  year = {1984},
  volume = {110},
  pages = {147--165}
}

@ARTICLE{P-K-S-F:2001,
  author = {Pask, J.E. and Klein, B.M. and Sterne, P.A. and Fong, C.Y.},
  title = {Finite-element methods in electronic-structure theory},
  journal = {Computer Physics Communications},
  year = {2001},
  volume = {135},
  pages = {1 -- 34},
  number = {1},
  month = {MAR 15},
  isifile-ga = {415VN},
  isifile-j9 = {COMPUT PHYS COMMUN},
  isifile-ji = {Comput. Phys. Commun.},
  size = {34 p.},
  sourceid = {ISI:000167744400001}
}

@ARTICLE{PATERA:1984,
  author = {Anthony T. Patera},
  title = {A spectral element method for fluid dynamics: Laminar flow in a channel
	expansion},
  journal = {Journal of Computational Physics},
  year = {1984},
  volume = {54},
  pages = {468--88}
}

@BOOK{PAUNCZ:1995,
  title = {The symmetric group in quantum chemistry},
  publisher = {CRC Press},
  year = {1995},
  author = {Pauncz, Ruben},
  pages = {xii+330},
  address = {Boca Raton, FL},
  isbn = {0-8493-8291-2},
  mrclass = {81R05 (81-02 81V55)},
  mrnumber = {98g:81051},
  mrreviewer = {Kurt Bernardo Wolf}
}

@ARTICLE{PISARE:1973,
  author = {V. F. Pisarenko},
  title = {The Retrieval of Harmonics from a Covariance Function},
  journal = {Geophys. J. R. Astr. Soc.},
  year = {1973},
  volume = {33},
  pages = {347--366}
}

@ARTICLE{POLLEN:1990,
  author = {D. Pollen},
  title = {${\rm {S}{U}}\sb {I}(2,{F}[z,1/z])$ for ${F}$ a subfield of $\f{C}$},
  journal = {J. Amer. Math. Soc.},
  year = {1990},
  volume = {3},
  pages = {611--624},
  number = {3},
  fjournal = {Journal of the American Mathematical Society},
  issn = {0894-0347}
}

@ARTICLE{Pulay:1980,
  author = {Pulay, P.},
  title = {Direct Inversion in the Iterative Subspace},
  journal = {Chem. Phys. Lett.},
  year = {1980},
  volume = {73},
  pages = {393}
}

@BOOK{RAB-GOL:1975,
  title = {Theory and Application of Digital Signal Processing},
  publisher = {Prentice-Hall; Englewood Cliffs, NJ},
  year = {1975},
  author = {L. R. Rabiner and B. Gold}
}

@ARTICLE{RADON:1917,
  author = {Radon, J.},
  title = {\"{U}ber the bestimmung von Funktionen durch ihre Integralwerte l\"{a}ngs
	gewisser Mannigfaltigkeiten},
  journal = {Berichte S\"{a}chsische Akademie der Wissenschaften Leipzig Math.-Phys.
	Kl.},
  year = {1917},
  volume = {69},
  pages = {262-267}
}

@BOOK{REIMER:1997,
  title = {Transmission Electron Microscopy: Physics of Image Formation and
	Analysis},
  publisher = {Springer Series in Optical Sciences},
  year = {1997},
  author = {Reimer, L.},
  volume = {36},
  edition = {4:th}
}

@BOOK{RHODES:1976,
  title = {Theory of Electrical Filters},
  publisher = {Wiley},
  year = {1976},
  author = {J.~D. Rhodes}
}

@ARTICLE{R-A-C-H-S:1990,
  author = {Rice, J. E. and Amos, R. D. and Colwell, S. M. and Handy, N. C. and
	Sanz, J.},
  title = {Frequency-Dependent Hyperpolarizabilities with Application to Formaldehyde
	and Methyl-Fluoride},
  journal = {Journal of Chemical Physics},
  year = {1990},
  volume = {93},
  pages = {8828-8839},
  number = {12},
  note = {EP160 J CHEM PHYS}
}

@ARTICLE{RIC-HAN:1992,
  author = {Rice, J. E. and Handy, N. C.},
  title = {The Calculation of Frequency-Dependent Hyperpolarizabilities Including
	Electron Correlation-Effects},
  journal = {International Journal of Quantum Chemistry},
  year = {1992},
  volume = {43},
  pages = {91-118},
  number = {1},
  note = {HV328 INT J QUANTUM CHEM}
}

@ARTICLE{RIC-HAN:1991,
  author = {Rice, J. E. and Handy, N. C.},
  title = {The Calculation of Frequency-Dependent Polarizabilities as Pseudo-Energy
	Derivatives},
  journal = {Journal of Chemical Physics},
  year = {1991},
  volume = {94},
  pages = {4959-4971},
  number = {7},
  note = {FF820 J CHEM PHYS}
}

@ARTICLE{RIC-HES:1999,
  author = {Richie, D.A. and Hess, K.},
  title = {Wavelet based electronic structure calculations},
  journal = {Microelectronic Engineering},
  year = {1999},
  volume = {47},
  pages = {333 -- 335},
  number = {1-4},
  month = {JUN},
  isifile-ga = {215VF},
  isifile-j9 = {MICROELECTRON ENG},
  isifile-ji = {Microelectron. Eng.},
  size = {3 p.},
  sourceid = {ISI:000081403600078}
}

@BOOK{RIORDA:1958,
  title = {An Introduction to Combinatorial Analysis},
  publisher = {Wiley},
  year = {1958},
  author = {J. Riordan},
  address = {NY}
}

@BOOK{RIVLIN:1990,
  title = {Chebyshev polynomials},
  publisher = {John Wiley \& sons},
  year = {1990},
  author = {Rivlin, T.J.},
  edition = {2:nd}
}

@TECHREPORT{ROK-YAR:1998,
  author = {V. Rokhlin and N. Yarvin},
  title = {A Generalized One-Dimensional Fast Multipole Method with Application
	to Filtering of Spherical Harmonics},
  institution = {Yale Univ.},
  year = {1998},
  note = {YALEU/DCS/RR-1142},
  annote = {submitted to} # jcp
}

@ARTICLE{ROMAN:1980,
  author = {Roman, S.},
  title = {The formula of Fa\`a di Bruno},
  journal = amm,
  year = {1980},
  volume = {87},
  pages = {805--809},
  number = {10},
  issn = {0002-9890}
}

@ARTICLE{ROOTHA:1960,
  author = {Roothaan, C.C.J.},
  title = {?},
  journal = {Rev. Mod. Phys.},
  year = {1960},
  volume = {32},
  pages = {179}
}

@ARTICLE{ROOTHA:1951,
  author = {Roothaan, C.C.J.},
  title = {?},
  journal = {Rev. Mod. Phys.},
  year = {1951},
  volume = {23},
  pages = {69}
}

@INPROCEEDINGS{ROS-VAV:1998,
  author = {K. Rost and Z. Vav{\v{r}}{\'\i}n},
  title = {Inversion formulas and fast algorithms for {L}\"owner-{V}andermonde
	matrices},
  booktitle = {Proceedings of the Sixth Conference of the International Linear Algebra
	Society (Chemnitz, 1996)},
  year = {1998},
  volume = {275/276},
  pages = {537--549},
  coden = {LAAPAW},
  fjournal = {Linear Algebra and its Applications},
  issn = {0024-3795},
  journal = {Linear Algebra Appl.},
  mrclass = {65F05 (15A09 65F30 65Y20)},
  mrnumber = {99d:65094},
  mrrevr = {George D. Poole}
}

@PHDTHESIS{RUDIN:1997,
  author = {Sven Peter Rudin},
  title = {Configuration Interaction with Non-orthogonal Slater Determinants
	Applied to the Hubbard Model, Atoms, and Small Molecules},
  school = {The Ohio State University},
  year = {1997}
}

@ARTICLE{R-S-D-D:1997,
  author = {H. R{\"o}der and R.N. Silver and D.A. Drabold and Jian Jun Dong},
  title = {Kernel polynomial method for a nonorthogonal electronic-structure
	calculation of amorphous diamond},
  journal = prb,
  year = {1997},
  volume = {55},
  pages = {15382-15385},
  number = {23},
  month = {June}
}

@ARTICLE{SAVIJA:1995,
  author = {Hannu Savijarvi},
  title = {Error growth in a large numerical forecast system},
  journal = {Monthly Weather Review},
  year = {1995},
  volume = {123},
  pages = {212--221},
  month = jan
}

@ARTICLE{SAX-BAU:1982,
  author = {Saxton, W.O. and Baumeister, W.},
  title = {The correlation averaging of a regularly arranged bacterial cell
	envelope protein},
  journal = {Journal of Microscopy},
  year = {1982},
  volume = {127},
  pages = {127-138}
}

@BOOK{SCHOEN:1973,
  title = {Cardinal spline interpolation},
  publisher = {SIAM},
  year = {1973},
  author = {Schoenberg, I. J.},
  pages = {vi+125},
  address = {Philadelphia, Pa.},
  note = {Conference Board of the Mathematical Sciences Regional Conference
	Series in Applied Mathematics, No. 12},
  mrclass = {41A15},
  mrnumber = {54 \#8095},
  mrreviewer = {H. L. Loeb}
}

@ARTICLE{SELESN:1999,
  author = {I. W. Selesnick},
  title = {Lowpass Filters Realizable as Allpass Sums: Design via a New Flat
	Delay Filter},
  journal = ieeecs2,
  year = {1999},
  volume = {46},
  pages = {40--50},
  number = {1}
}

@INPROCEEDINGS{SE-OD-BU:1996,
  author = {I. W. Selesnick and J. E. Odegard and C. S. Burrus},
  title = {Nearly Symmetric Orthogonal Wavelets with Non-Integer DC Group Delay},
  booktitle = {Seventh Digital Signal Processing Workshop},
  year = {1996},
  pages = {431--434},
  address = {Loen, Norway},
  key = {wlet}
}

@ARTICLE{SHE-STR:1996,
  author = {J. Shen and G. Strang},
  title = {The zeros of the {D}aubechies polynomials},
  journal = {Proc. Amer. Math. Soc.},
  year = {1996},
  volume = {124},
  pages = {3819--3833},
  number = {12},
  coden = {PAMYAR},
  fjournal = {Proceedings of the American Mathematical Society},
  issn = {0002-9939}
}

@ARTICLE{SHE-SCH:1999,
  author = {C. David Sherrill and Henry F. {Schaefer~III}},
  title = {The Configuration Interaction Method: Advances in Highly Correlated
	Approaches},
  journal = {Advances in Quantum Chemisty},
  year = {1999},
  volume = {127},
  pages = {143--269}
}

@ARTICLE{SI-MU-PE:1995,
  author = {A. J. Simmons and R. Mureau and T. Petroliagis},
  title = {Error growth and estimates of predictability from the {ECMWF} forecasting
	system},
  journal = {Quart. J. R. Met. Soc.},
  year = {1995},
  volume = {121},
  pages = {1739--1771}
}

@ARTICLE{SLEPIA:1983,
  author = {D. Slepian},
  title = {Some comments on Fourier analysis, uncertainty and modeling},
  journal = {SIAM review},
  year = {1983},
  volume = {25},
  pages = {379--393},
  number = {3}
}

@ARTICLE{SLEPIA:1978,
  author = {D. Slepian},
  title = {Prolate spheroidal wave functions, {F}ourier analysis and uncertainty
	{V}. {T}he discrete case},
  journal = {Bell System Tech. J.},
  year = {1978},
  volume = {57},
  pages = {1371--1430}
}

@ARTICLE{SLEPIA:1965,
  author = {Slepian, David},
  title = {Some asymptotic expansions for prolate spheroidal wave functions},
  journal = {J. Math. and Phys.},
  year = {1965},
  volume = {44},
  pages = {99--140}
}

@ARTICLE{SLEPIA:1964,
  author = {D. Slepian},
  title = {Prolate spheroidal wave functions, {F}ourier analysis and uncertainty
	{IV}. {E}xtensions to many dimensions; generalized prolate spheroidal
	functions},
  journal = {Bell System Tech. J.},
  year = {1964},
  volume = {43},
  pages = {3009--3057},
  mrclass = {33.28},
  mrnumber = {31 \#5993},
  mrreviewer = {J. Meixner}
}

@ARTICLE{SLE-POL:1961,
  author = {Slepian, D. and Pollak, H. O.},
  title = {Prolate spheroidal wave functions, {F}ourier analysis and uncertainty
	{I}},
  journal = {Bell System Tech. J.},
  year = {1961},
  volume = {40},
  pages = {43--63},
  mrclass = {33.27},
  mrnumber = {25 \#4146},
  mrreviewer = {I. Marx}
}

@ARTICLE{SM-AM-HA:1992,
  author = {Smith, C. M. and Amos, R. D. and Handy, N. C.},
  title = {Theoretical Calculations of the Nuclear Magnetic Shielding Tensors
	for the Ethylenic Carbon-Atoms in Cyclopropenes},
  journal = {Molecular Physics},
  year = {1992},
  volume = {77},
  pages = {381-396},
  number = {2},
  note = {JR024 MOL PHYS}
}

@ARTICLE{SMI-BAR:1986,
  author = {M. J. T. Smith and T. P. Barnwell},
  title = {Exact reconstruction techniques for tree-structured subband coders},
  journal = assp,
  year = {1986},
  volume = {34},
  pages = {434-441}
}

@ARTICLE{SP-TA-SW:2000,
  author = {William F. Spotz and Mark A. Taylor and Paul N. Swarztrauber},
  title = {Fast and high-order solutions to the spherical shallow water equations},
  journal = {Appl. Num. Math.},
  year = {2000},
  volume = {33},
  pages = {191--197}
}

@ARTICLE{STEIGL:1965,
  author = {K. Steiglitz},
  title = {The Equivalence of Digital and Analog Signal Processing},
  journal = {Information and Control},
  year = {1965},
  volume = {8},
  pages = {455--467},
  number = {5},
  note = {Also in \cite{RAB-RAD:1972}.}
}

@BOOK{STE-WEI:1971,
  title = {Fourier Analysis on Euclidean Spaces},
  publisher = {Princeton Univ. Press},
  year = {1971},
  author = {Elias Stein and Guido Weiss},
  address = {Princeton NJ}
}

@ARTICLE{ST-AL-BE:1999,
  author = {David E. Stevens and Ann S. Almgren and John B. Bell},
  title = {Adaptive simulations of trade cumulus convection},
  optnote = {Submitted to {\em Mon. Whe. Rev.}}
}

@ARTICLE{S-B-A-B-R:2000,
  author = {Stevens, D.~E. and Bell, J.~B. and Almgren, A.~S. and Beckner, V.~E.
	and Rendleman, C.~A.},
  title = {Small-scale processes and entrainment in a stratocumulus marine boundary
	layer},
  journal = {J. Atmos. Sci.},
  year = {2000},
  volume = {57},
  pages = {567-581},
  number = {4},
  month = {February}
}

@ARTICLE{STE-BRE:1997,
  author = {Stevens, David E. and Bretherton, Christopher S.},
  title = {Erratum: ``{A} forward-in-time advection scheme and adaptive multilevel
	flow solver for nearly incompressible atmospheric flow'' [{J}.\ {C}omput.\
	
	 {P}hys.\ {\bf 129} (1996), no.\ 2, 284--295; {M}{R} 97g:86010]},
  journal = {J. Comput. Phys.},
  year = {1997},
  volume = {132},
  pages = {412--413},
  number = {2},
  coden = {JCTPAH},
  fjournal = {Journal of Computational Physics},
  issn = {0021-9991},
  mrclass = {86A10 (76M25 86-08)},
  mrnumber = {1 445 005}
}

@ARTICLE{STE-BRE:1996,
  author = {Stevens, David E. and Bretherton, S.},
  title = {A forward-in-time advection scheme and adaptive multilevel flow solver
	for nearly incompressible atmospheric flow},
  journal = {J. Comput. Phys.},
  year = {1996},
  volume = {129},
  pages = {284--295},
  number = {2},
  coden = {JCTPAH},
  fjournal = {Journal of Computational Physics},
  issn = {0021-9991},
  mrclass = {86A10 (76M25 86-08)},
  mrnumber = {97g:86010}
}

@INPROCEEDINGS{STROMB:1983,
  author = {J. O. Stromberg},
  title = {A {M}odified {F}ranklin {S}ystem and {H}igher-{O}rder {S}pline {S}ystems
	on {${\bf R}^{\rm n}$} as {U}nconditional {B}ases for {H}ardy {S}paces},
  booktitle = {Conference in harmonic analysis in honor of Antoni Zygmund, Wadworth
	math. series},
  year = {1983},
  pages = {475-493},
  opteditor = {W. Beckner et al.}
}

@ARTICLE{STROMB:1998,
  author = {Str{\"o}mberg, Jan-Olov},
  title = {Computation with wavelets in higher dimensions},
  journal = {Doc. Math.},
  year = {1998},
  volume = {Extra Vol. III},
  pages = {523--532},
  booktitle = {Proceedings of the International Congress of Mathematicians, Vol.
	III (Berlin, 1998)},
  fjournal = {Documenta Mathematica},
  issn = {1431-0643},
  mrclass = {65T99 (41A15 42C15)},
  mrnumber = {99j:65250},
  mrreviewer = {Gerlind Plonka}
}

@ARTICLE{SWE-PIE:1994,
  author = {W. Sweldens and R. Piessens},
  title = {Quadrature formulae and asymptotic error expansions for wavelet approximations
	of smooth functions},
  journal = sinum,
  year = {1994},
  volume = {31},
  pages = {1240--1264},
  abstract = {This deals with problems encountered when using wavelets in numerical
	analysis. Quadrature formulae are constructed for the calculation
	of inner products of smooth functions and scaling functions. Several
	types are discussed and compared for different classes of wavelets.
	A modified, well-conditioned construction using Chebyshev polynomials
	is also presented.},
  keyword = {wavelets}
}

@INPROCEEDINGS{SWE-PIE:1993,
  author = {W. Sweldens and R. Piessens},
  title = {Wavelet Sampling Techniques},
  booktitle = {1993 Proceedings of the Statistical Computing Section},
  year = {1993},
  pages = {20-29},
  publisher = {American Statistical Association}
}

@BOOK{SZEGO:1975,
  title = {Orthogonal Polynomials},
  publisher = {AMS},
  year = {1975},
  author = {Gabor Szeg{\"o}},
  address = {Providence, RI},
  edition = {4th}
}

@ARTICLE{KAT-PON:1988,
  author = {T. Kato, G. Ponce},
  title = {Commutator Estimates and the {E}uler and {N}avier-{S}tokes Equations},
  journal = {Comm. Pure Appl. Math},
  year = {1988},
  volume = {XLI},
  pages = {891-907}
}

@ARTICLE{TEMLYA:1988,
  author = {V. N. Temlyakov},
  title = {Estimates of Best Bilinear Approximations of Periodic Functions},
  journal = {Proc. Steklov Inst. Math.},
  year = {1989},
  pages = {275--293},
  number = {4}
}

@ARTICLE{TER-HAN:1994,
  author = {Termath, V. and Handy, N. C.},
  title = {A Kohn-Sham Method Involving the Direct Determination of the Coulomb
	Potential on a Numerical Grid},
  journal = {Chemical Physics Letters},
  year = {1994},
  volume = {230},
  pages = {17-24},
  number = {1-2},
  note = {PR847 CHEM PHYS LETT}
}

@ARTICLE{THIRAN:1971,
  author = {Thiran, Jean-Pierre},
  title = {Recursive digital filters with maximally flat group delay},
  journal = {IEEE Trans. Circuit Theory},
  year = {1971},
  volume = {CT-18},
  pages = {659--664}
}

@INPROCEEDINGS{T-L-F-T:2001,
  author = {S.~J. Thomas and R. Loft and A. Fournier and J. Tribbia},
  title = {Parallel semi-implicit spectral element dynamical core for atmospheric
	general circulation models},
  booktitle = {Proc. 9th Annual Conf. CFD Soc. Canada},
  year = {2001}
}

@INPROCEEDINGS{T-L-S-F:2000,
  author = {S.~J. Thomas and R. Loft and W.~F. Spotz and A. Fournier},
  title = {Semi-implicit scheme for the {Spectral} {Element} {Atmospheric} {Model}},
  booktitle = {Proc. 8th Annual Conf. CFD Soc. Canada},
  year = {2000},
  pages = {231--238},
  month = jun
}

@ARTICLE{T-P-D-S-M-H-B-F-B-S:1969,
  author = {Thomas, S. N. G. and Pauling, F. and Dolby, R. E. and Schonher.W
	and Meyer, H. J. and Hammond, J. and Baker, R. G. and Farrar, J.
	C. M. and Boys, S. J. H. and Sweetsur, G.},
  title = {Discussion of Lamellar Tearing},
  journal = {Metal Construction and British Welding Journal},
  year = {1969},
  volume = {1},
  pages = {117},
  number = {2SI}
}

@INPROCEEDINGS{THOMSO:2001,
  author = {David J. Thomson},
  title = {Inverse-constrained projection filters},
  booktitle = {Wavelets: Applications in Signal and Image Processing {IX}},
  year = {2001},
  editor = {Andrew P. Lane and Michael A. Unser and Akram Aldroubi},
  volume = {4478},
  pages = {172--183},
  month = {December},
  organization = {SPIE}
}

@ARTICLE{T-H-A-P-N-X-S:1993,
  author = {Tozer, D. J. and Handy, N. C. and Amos, R. D. and Pople, J. A. and
	Nobes, R. H. and Xie, Y. M. and Schaefer, H. F.},
  title = {Theory and Applications of Spin-Restricted Open-Shell Moller- Plesset
	Theory},
  journal = {Molecular Physics},
  year = {1993},
  volume = {79},
  pages = {777-793},
  number = {4},
  note = {LQ096 MOL PHYS}
}

@ARTICLE{TO-SO-HA:1997,
  author = {Tozer, D. J. and Somasundram, K. and Handy, N. C.},
  title = {On the accuracy of molecular exchange-correlation potentials computed
	from electron densities},
  journal = {Chemical Physics Letters},
  year = {1997},
  volume = {265},
  pages = {614-620},
  number = {6},
  note = {WH813 CHEM PHYS LETT}
}

@ARTICLE{TRENCH:1994,
  author = {Trench, W. F.},
  title = {Some spectral properties of {H}ermitian {T}oeplitz matrices},
  journal = {SIAM J. Matrix Anal. Appl.},
  year = {1994},
  volume = {15},
  pages = {938--942},
  number = {3},
  coden = {SJMAEL},
  fjournal = {SIAM Journal on Matrix Analysis and Applications},
  issn = {0895-4798},
  mrclass = {15A18 (15A42)},
  mrnumber = {95e:15010},
  mrrevr = {Israel Koltracht}
}

@ARTICLE{TRENCH:1989,
  author = {Trench, W. F.},
  title = {Numerical solution of the eigenvalue problem for {H}ermitian {T}oeplitz
	matrices},
  journal = {SIAM J. Matrix Anal. Appl.},
  year = {1989},
  volume = {10},
  pages = {135--146},
  number = {2},
  coden = {SJMAEL},
  fjournal = {SIAM Journal on Matrix Analysis and Applications},
  issn = {0895-4798},
  mrclass = {65F15},
  mrnumber = {90i:65068},
  mrrevr = {O. Widlund}
}

@INPROCEEDINGS{TRIBBI:2002,
  author = {Joe Tribbia},
  title = {Adaptive computation for astro-geophysical turbulence: {An} amateur's
	rationale},
  booktitle = {Adaptive and high-order methods with applications in turbulence},
  year = {2002},
  month = feb,
  organization = {National Center for Atmospheric Research}
}

@BOOK{TR-OO-SC:2001,
  title = {Multigrid},
  publisher = {Academic Press},
  year = {2001},
  author = {Trottenberg, U. and Oosterlee, C. and Sch\"{u}ller, A.}
}

@ARTICLE{TU-BO-HA:1999,
  author = {Tuma, C. and Boese, A. D. and Handy, N. C.},
  title = {Predicting the binding energies of H-bonded complexes: A comparative
	DFT study},
  journal = {Physical Chemistry Chemical Physics},
  year = {1999},
  volume = {1},
  pages = {3939-3947},
  number = {17},
  note = {229LZ PHYS CHEM CHEM PHYS}
}

@BOOK{TURAN:1984,
  title = {On a new method of analysis and its applications},
  publisher = {John Wiley \& Sons Inc.},
  year = {1984},
  author = {P. Tur{\'a}n},
  pages = {xvi+584},
  address = {New York},
  note = {With the assistance of G. Hal\'asz and J. Pintz, A Wiley-Interscience
	Publication},
  isbn = {0-471-89255-6},
  mrclass = {11N30 (11-02 40Exx 65-02 65Fxx)},
  mrnumber = {86b:11059},
  mrrevr = {R. W. K. Odoni}
}

@ARTICLE{TY-NI-RO:2002,
  author = {Tymczak, C.J. and Niklasson, A.M.N. and Roder, H.},
  title = {Separable and nonseparable multiwavelets in multiple dimensions},
  journal = {Journal of Computational Physics},
  year = {2002},
  volume = {175},
  pages = {363 -- 397},
  number = {2},
  month = {JAN 20},
  isifile-ga = {520TF},
  isifile-j9 = {J COMPUT PHYS},
  isifile-ji = {J. Comput. Phys.},
  size = {35 p.},
  sourceid = {ISI:000173796900001}
}

@ARTICLE{TYM-WAN:1997,
  author = {Tymczak, C.J. and Wang, X.Q.},
  title = {Orthonormal wavelet bases for quantum molecular dynamics},
  journal = {Physical Review Letters},
  year = {1997},
  volume = {78},
  pages = {3654 -- 3657},
  number = {19},
  month = {MAY 12},
  isifile-ga = {WY166},
  isifile-j9 = {PHYS REV LETT},
  isifile-ji = {Phys. Rev. Lett.},
  size = {4 p.},
  sourceid = {ISI:A1997WY16600016}
}

@BOOK{VAIDYA:1993,
  title = {Multirate Systems and Filter Banks},
  publisher = {Prentice-Hall, Inc.},
  year = {1993},
  author = {P. P. Vaidyanathan},
  address = nj
}

@ARTICLE{VAI-DOG:1989,
  author = {P. P. Vaidyanathan and Z. Do\v{g}anata},
  title = {The role of lossless systems in modern digital signal processing:
	A tutorial},
  journal = ieeee,
  year = {1989},
  volume = {32},
  pages = {161},
  number = {3},
  month = {Aug.}
}

@ARTICLE{VAI-HOA:1988,
  author = {P. P. Vaidyanathan and P. Hoang},
  title = {Lattice structures for optimal design and robust implementation of
	two-band perfect reconstruction QMF banks},
  journal = assp,
  year = {1988},
  volume = {36},
  pages = {81-94}
}

@ARTICLE{VILLEM:1992,
  author = {Villemoes, L. F.},
  title = {Energy moments in time and frequency for two--scale difference equation
	solutions and wavelets},
  journal = {SIAM J. Math. Anal.},
  year = {1992},
  volume = {23},
  pages = {1519--1543}
}

@ARTICLE{VO-WI-NU:1980,
  author = {Vosko, S. H. and Wilk, L. and Nusair, M.},
  title = {Accurate Spin-Dependent Electron Liquid Correlation Energies for
	Local Spin-Density Calculations - a Critical Analysis},
  journal = {Canadian Journal of Physics},
  year = {1980},
  volume = {58},
  pages = {1200-1211},
  number = {8}
}

@INCOLLECTION{WAADEL:1992,
  author = {H. Waadeland},
  title = {A Szeg{\H o} quadrature formula for the Poisson formula},
  booktitle = {Computational and applied mathematics, I (Dublin, 1991)},
  publisher = {North-Holland},
  year = {1992},
  pages = {479--486},
  address = {Amsterdam},
  mrclass = {65D32},
  mrnumber = {93k:65022}
}

@ARTICLE{WAN-BEC:2000,
  author = {Wang, J. and Beck, T.L.},
  title = {Efficient real-space solution of the {K}ohn-{S}ham equations with
	multiscale techniques},
  journal = {Journal of Chemical Physics},
  year = {2000},
  volume = {112},
  pages = {9223 -- 9228},
  number = {21},
  month = {JUN 1},
  isifile-ga = {315YC},
  isifile-j9 = {J CHEM PHYS},
  isifile-ji = {J. Chem. Phys.},
  size = {6 p.},
  sourceid = {ISI:000087139700005}
}

@ARTICLE{WEI-CHO:1996,
  author = {Wei, S.Q. and Chou, M.Y.},
  title = {Wavelets in self-consistent electronic structure calculations},
  journal = {Physical Review Letters},
  year = {1996},
  volume = {76},
  pages = {2650 -- 2653},
  number = {15},
  month = {APR 8},
  isifile-ga = {UE190},
  isifile-j9 = {PHYS REV LETT},
  isifile-ji = {Phys. Rev. Lett.},
  size = {4 p.},
  sourceid = {ISI:A1996UE19000012}
}

@BOOK{WHITHA:1974,
  title = {Linear and Nonlinear Waves},
  publisher = {Wiley-Interscience},
  year = {1974},
  author = {G.~B. Whitham},
  address = {New York}
}

@BOOK{WICKER:1994,
  title = {Adapted {W}avelet {A}nalysis from {T}heory to {S}oftware},
  publisher = {A.K. Peters},
  year = {1994},
  author = {M.V. Wickerhauser},
  address = {Boston}
}

@BOOK{WILKIN:1965,
  title = {The Algebraic Eigenvalue Problem},
  publisher = {Clarendon Press, Oxford},
  year = {1965},
  author = {Wilkinson, J. H.},
  pages = {{\rm xviii}+662 pp.}
}

@ARTICLE{WI-RH-BE:2001,
  author = {K. Willam and I. Rhee and G. Beylkin},
  title = {Multiresolution Analysis of Elastic Degradation in Heterogeneous
	Materials},
  journal = {Meccanica},
  year = {2001},
  volume = {36},
  pages = {131-150}
}

@ARTICLE{WIL-HAN:1994,
  author = {Willetts, A. and Handy, N. C.},
  title = {Dynamic Optimization of Molecular Wave-Functions and Geometries},
  journal = {Chemical Physics Letters},
  year = {1994},
  volume = {227},
  pages = {194-200},
  number = {1-2},
  note = {PE835 CHEM PHYS LETT}
}

@ARTICLE{W-D-H-J-S:1992,
  author = {Williamson, D.~L. and J.~B. Drake and J.~J. Hack and R. Jakob and
	P.~N. Swarztrauber},
  title = {A standard test set for numerical approximations to the Shallow Water
	Equations in spherical geometry},
  journal = {J. Comput. Phys.},
  year = {1992},
  volume = {102},
  pages = {211--224}
}

@ARTICLE{WI-AM-HA:2000a,
  author = {Wilson, P. J. and Amos, R. D. and Handy, N. C.},
  title = {Accurate predictions for molecular magnetisabilities and rotational
	g tensors using a simple and efficient DFT approach},
  journal = {Journal of Molecular Structure-Theochem},
  year = {2000},
  volume = {506},
  pages = {335-342},
  note = {SI 332BZ J MOL STRUC-THEOCHEM}
}

@ARTICLE{WI-AM-HA:2000b,
  author = {Wilson, P. J. and Amos, R. D. and Handy, N. C.},
  title = {Density functional predictions for metal and ligand nuclear shielding
	constants in diamagnetic closed-shell first-row transition-metal
	complexes},
  journal = {Physical Chemistry Chemical Physics},
  year = {2000},
  volume = {2},
  pages = {187-194},
  number = {2},
  note = {272AF PHYS CHEM CHEM PHYS}
}

@ARTICLE{WI-AM-HA:1999b,
  author = {Wilson, P. J. and Amos, R. D. and Handy, N. C.},
  title = {Density functional predictions for magnetizabilities and nuclear
	shielding constants},
  journal = {Molecular Physics},
  year = {1999},
  volume = {97},
  pages = {757-768},
  number = {6},
  note = {239ZN MOL PHYS}
}

@ARTICLE{WI-AM-HA:1999a,
  author = {Wison, P. J. and Amos, R. D. and Handy, N. C.},
  title = {Toward coupled-cluster accuracy in the prediction of nuclear shielding
	constants: a simple and efficient DFT approach},
  journal = {Chemical Physics Letters},
  year = {1999},
  volume = {312},
  pages = {475-484},
  number = {5-6},
  note = {260MV CHEM PHYS LETT}
}

@ARTICLE{WU-JAY:2002,
  author = {Wu, S.Y. and Jayanthi, C.S.},
  title = {Order-{N} methodologies and their applications},
  journal = {Physics Reports-Review Section of Physics Letters},
  year = {2002},
  volume = {358},
  pages = {1 -- 74},
  number = {1},
  month = {FEB},
  isifile-ga = {518UX},
  isifile-j9 = {PHYS REP-REV SECT PHYS LETT},
  isifile-ji = {Phys. Rep.-Rev. Sec. Phys. Let},
  size = {74 p.},
  sourceid = {ISI:000173687200001}
}

@ARTICLE{XI-RO-YA:2001,
  author = {Xiao, H. and Rokhlin, V. and Yarvin, N.},
  title = {Prolate spheroidal wavefunctions, quadrature and interpolation},
  journal = {Inverse Problems},
  year = {2001},
  volume = {17},
  pages = {805--838},
  number = {4}
}

@ARTICLE{YAR-ROK:1999,
  author = {Yarvin, N. and Rokhlin, V.},
  title = {Generalized {G}aussian quadratures and singular value decompositions
	of integral operators},
  journal = {SIAM J. Sci. Comput.},
  year = {1999},
  volume = {20},
  pages = {699--718 (electronic)},
  number = {2},
  fjournal = {SIAM Journal on Scientific Computing},
  issn = {1095-7197},
  mrclass = {65D32 (45L05 47G10)},
  mrnumber = {99i:65025},
  mrreviewer = {T. Feagin}
}

@ARTICLE{YAR-ROK:1999a,
  author = {Yarvin, N. and Rokhlin, V.},
  title = {An improved fast multipole algorithm for potential fields on the
	line},
  journal = {SIAM J. Numer. Anal.},
  year = {1999},
  volume = {36},
  pages = {629--666 (electronic)},
  number = {2},
  fjournal = {SIAM Journal on Numerical Analysis},
  issn = {1095-7170},
  mrclass = {65E05 (65D99)},
  mrnumber = {2000b:65044},
  mrreviewer = {N. Papamichael}
}

@BOOK{YOSHID:1995,
  title = {Functional analysis},
  publisher = {Springer},
  year = {1995},
  author = {K. Yoshida},
  note = {Reprint of the 6:th edition}
}

@BOOK{ZYGMUN:1990,
  title = {Trigonometric Series {I} and {II}},
  publisher = cup,
  year = {1990},
  author = {A. Zygmund},
  edition = {Second}
}

@BOOK{ABR-STE:1970,
  title = {Handbook of Mathematical Functions},
  publisher = {Dover Publications Inc.},
  year = {1970},
  editor = {M. Abramowitz and I. A. Stegun},
  edition = {ninth}
}

@BOOK{RUSKAI:1992,
  title = {Wavelets and their applications},
  publisher = {Jones and Bartlett Publishers},
  year = {1992},
  editor = {Ruskai, M. B. and Beylkin, G.},
  pages = {xiv+474},
  address = {Boston, MA},
  isbn = {0-86720-225-4},
  mrclass = {00B25 (42-06 65R10 94A12)},
  mrnumber = {93e:00031}
}

@BOOK{YARKON:1995,
  title = {Modern Electronic Structure Theory},
  publisher = {World Scientific},
  year = {1995},
  editor = {David R. Yarkony},
  series = {Advanced Series in Physical Chemistry},
  address = {River Edge, NJ},
  seriesvolume = {2},
  titlepart = {I}
}

@MISC{MADNESS,
  title = {http://code.google.com/p/m-a-d-n-e-s-s/},
  owner = {jakie},
  timestamp = {2009.02.04},
  url = {http://code.google.com/p/m-a-d-n-e-s-s/}
}

@ARTICLE{nistdata,
  journal = {http://physics.nist.gov/PhysRefData/DFTdata/contents.html}
}

@ARTICLE{opendx,
  journal = {http://www.opendx.org}
}

@ARTICLE{python,
  journal = {http://www.python.org}
}

@ARTICLE{swig,
  journal = {http://www.swig.org}
}

@ARTICLE{Chin:2001vs,
author = {Chin, SA and Chen, CR},
title = {{Fourth order gradient symplectic integrator methods for solving the time-dependent Schr{\"o}dinger equation}},
journal = {The Journal of Chemical Physics},
year = {2001},
volume = {114},
pages = {7338}
}

@article{Keldysh:1965va,
author = {Keldysh, L V},
title = {{Ionization in field of a strong electromagnetic wave}},
journal = {SOVIET PHYSICS JETP-USSR},
year = {1965},
volume = {{20}},
number = {{5}},
pages = {1307}
}

@article{Popmintchev:2010di,
author = {Popmintchev, Tenio and Chen, Ming-Chang and Arpin, Paul and Murnane, Margaret M and Kapteyn, Henry C},
title = {{The attosecond nonlinear optics of bright coherent X-ray generation}},
journal = {Nature Photonics},
year = {2010},
volume = {4},
number = {12},
pages = {822--832},
month = dec
}

@article{Lin:2010cg,
author = {Lin, C D and Le, Anh-Thu and Chen, Zhangjin and Morishita, Toru and Lucchese, Robert},
title = {{Strong-field rescattering physics---self-imaging of a molecule by its own electrons}},
journal = {Journal Of Physics B-Atomic Molecular And Optical Physics},
year = {2010},
volume = {43},
number = {12},
pages = {122001},
month = jun
}

@article{Krausz:2009hz,
author = {Krausz, Ferenc and Ivanov, Misha},
title = {{Attosecond physics}},
journal = {Reviews Of Modern Physics},
year = {2009},
volume = {81},
number = {1},
pages = {163--234}
}

@article{Leforestier:1991co,
author = {Leforestier, C and Bisseling, R H and Cerjan, C and Feit, M D and Friesner, R and Guldberg, A and Hammerich, A and Jolicard, G and Karrlein, W and Meyer, H D and Lipkin, N and Roncero, O and Kosloff, R},
title = {{A comparison of different propagation schemes for the time dependent Schr{\"o}dinger equation}},
journal = {Journal of Computational Physics},
year = {1991},
volume = {94},
number = {1},
pages = {59--80},
month = may
}


@article{Wang:2004ej,
author = {Wang, Haixiang and Acevedo, Ramiro and Moll{\'e}, Heather and Mackey, Jeffrey L. and Kinsey, James L. and Johnson, Bruce R.},
title = {{Multiscale quantum propagation using compact-support wavelets in space and time}},
journal = {The Journal of Chemical Physics},
year = {2004},
volume = {121},
number = {16},
pages = {7647}
}

@article{Sparks:2006fi,
author = {Sparks, Douglas K and Johnson, Bruce R.},
title = {{Two-dimensional quantum propagation using wavelets in space and time}},
journal = {The Journal of Chemical Physics},
year = {2006},
volume = {125},
number = {11},
pages = {114104}
}

@article{Vence:2012iy,
author = {Vence, Nicholas and Harrison, Robert and Krstic, Predrag},
title = {{Attosecond electron dynamics: A multiresolution approach}},
journal = {Physical Review A},
year = {2012},
volume = {85},
number = {3},
month = mar
}


@article{Alpert:2002cx,
author = {Alpert, B and Beylkin, G and Gines, D and Vozovoi, L},
title = {{Adaptive solution of partial differential equations in multiwavelet bases}},
journal = {Journal of Computational Physics},
year = {2002},
volume = {182},
number = {1},
pages = {149--190}
}

@BOOK{Ta07,
    author = "David J. Tannor",
    title = "Introduction to Quantum Mechanics: A time-dependent perspective",
    publisher = "University Science Books",
    year = 2007,
}


