% This file was created with JabRef 2.8.1.
% Encoding: GBK

@MISC{madnessDOC,
  author = {MADNESS},
  title = {http://code.google.com/p/m-a-d-n-e-s-s/downloads/list},
  howpublished = {Implementation Notes},
  year = {2011}
}

@ARTICLE{force-gradient,
  author = {Omelyan, I. P. and Mryglod, I. M. and Folk, R.},
  title = {Construction of high-order force-gradient algorithms for integration
	of motion in classical and quantum systems},
  journal = {Phys. Rev. E},
  year = {2002},
  volume = {66},
  pages = {026701},
  month = {Aug},
  doi = {10.1103/PhysRevE.66.026701},
  issue = {2},
  numpages = {21},
  publisher = {American Physical Society},
  url = {http://link.aps.org/doi/10.1103/PhysRevE.66.026701}
}

